Timestamp,Binance_max_bid,Bitfinex_max_bid,Coinbase_max_bid,Binance_min_ask,Bitfinex_min_ask,Coinbase_min_ask,Binance_trade_prices,Bitfinex_trade_prices,Coinbase_trade_prices
1609195948717,0.02703200,0.026842797128016585,0.026851864038166615,0.02703300,0.026865640594764074,0.02686455696646731,0.02703300,0.026805322983063314,0.026864122562674068
1609195950271,0.02703200,0.026842797128016585,0.026851864038166615,0.02703300,0.026865640594764074,0.02686455696646731,0.02703500,0.026805322983063314,0.026864122562674068
1609195951836,0.02703500,0.026842797128016585,0.026851864038166615,0.02704600,0.026865640594764074,0.02686455696646731,0.02704600,0.026805322983063314,0.026864122562674068
1609195953400,0.02704500,0.02701,0.026851864038166615,0.02704600,0.02704,0.02686455696646731,0.02704200,0.026805322983063314,0.026864122562674068
1609195954952,0.02704500,0.02701,0.026851864038166615,0.02704600,0.02704,0.02686455696646731,0.02704500,0.026805322983063314,0.026864122562674068
1609195956468,0.02704800,0.02702,0.026851864038166615,0.02705000,0.02704,0.02686455696646731,0.02704900,0.026805322983063314,0.026864122562674068
1609195957978,0.02704800,0.02702,0.02706,0.02705100,0.02704,0.02707,0.02704900,0.026805322983063314,0.026864122562674068
1609195959499,0.02705000,0.02703,0.02706,0.02705200,0.02704,0.02707,0.02706600,0.027036,0.026864122562674068
1609195961020,0.02706700,0.02703,0.02706,0.02710200,0.02704,0.02707,0.02710100,0.027077,0.026864122562674068
1609195962530,0.02708900,0.02706,0.02708,0.02710000,0.02709,0.02709,0.02709900,0.027077,0.026864122562674068
1609195964034,0.02710900,0.02707,0.02709,0.02711000,0.02709,0.0271,0.02711000,0.027077,0.026864122562674068
1609195965550,0.02709100,0.02707,0.02709,0.02710800,0.02709,0.0271,0.02710500,0.027077,0.026864122562674068
1609195967083,0.02708800,0.02706,0.02709,0.02710300,0.02709,0.02711,0.02708700,0.027077,0.026864122562674068
1609195968590,0.02709300,0.02706,0.02709,0.02710100,0.02709,0.02711,0.02708700,0.027077,0.026864122562674068
1609195970111,0.02709300,0.02708,0.0271,0.02709700,0.02711,0.02711,0.02709600,0.027077,0.026864122562674068
1609195971760,0.02708400,0.02708,0.0271,0.02708600,0.02711,0.02711,0.02708700,0.027077,0.026864122562674068
1609195973280,0.02708200,0.02708,0.0271,0.02709500,0.02711,0.02711,0.02708700,0.027077,0.026864122562674068
1609195974909,0.02708500,0.02708,0.0271,0.02709400,0.02711,0.02711,0.02709600,0.027077,0.026864122562674068
1609195976416,0.02708600,0.02707,0.02708,0.02709500,0.02711,0.0271,0.02710000,0.027077,0.026864122562674068
1609195977915,0.02709100,0.02707,0.02709,0.02709900,0.02711,0.02711,0.02710000,0.027077,0.026864122562674068
1609195979422,0.02708200,0.02706,0.02709,0.02709600,0.0271,0.02711,0.02708000,0.027077,0.026864122562674068
1609195981004,0.02708300,0.02706,0.02709,0.02709000,0.0271,0.0271,0.02709100,0.027077,0.026864122562674068
1609195982506,0.02708800,0.02706,0.02709,0.02709500,0.0271,0.0271,0.02709100,0.027077,0.026864122562674068
1609195984068,0.02707800,0.02706,0.02708,0.02708800,0.0271,0.0271,0.02707800,0.027093,0.026864122562674068
1609195985589,0.02706400,0.02706,0.02709,0.02707300,0.0271,0.0271,0.02707000,0.027093,0.026864122562674068
1609195987346,0.02706000,0.02706,0.02709,0.02706500,0.0271,0.0271,0.02707000,0.027093,0.026864122562674068
1609195988867,0.02706100,0.02704,0.02707,0.02706500,0.02708,0.02708,0.02706300,0.027093,0.026864122562674068
1609195990417,0.02706100,0.02704,0.02706,0.02706300,0.02708,0.02708,0.02707600,0.027093,0.026864122562674068
1609195992349,0.02707300,0.02704,0.02706,0.02708100,0.02709,0.02708,0.02706800,0.027093,0.026864122562674068
1609195993865,0.02705900,0.02704,0.02706,0.02706900,0.02709,0.02709,0.02706800,0.027093,0.026864122562674068
1609195995443,0.02706000,0.02704,0.02706,0.02706400,0.02709,0.02708,0.02706800,0.027093,0.026864122562674068
1609195996947,0.02706300,0.02704,0.02706,0.02707200,0.02707,0.02708,0.02706800,0.027093,0.026864122562674068
1609195998461,0.02706300,0.02704,0.02706,0.02707000,0.02707,0.02709,0.02706700,0.027093,0.026864122562674068
1609196000029,0.02706000,0.02704,0.02706,0.02706500,0.02707,0.02709,0.02705600,0.027093,0.026864122562674068
1609196001557,0.02705100,0.02704,0.02706,0.02705400,0.02707,0.02707,0.02705100,0.027093,0.026864122562674068
1609196003122,0.02705100,0.02704,0.02706,0.02705200,0.02707,0.02707,0.02704500,0.027093,0.026864122562674068
1609196004635,0.02704200,0.02704,0.02704,0.02704500,0.02707,0.02705,0.02704400,0.027093,0.026864122562674068
1609196006589,0.02704800,0.02704,0.02704,0.02706500,0.02707,0.02706,0.02706600,0.027093,0.026864122562674068
1609196008107,0.02707500,0.02702,0.02704,0.02708000,0.02706,0.02706,0.02707600,0.027093,0.026864122562674068
1609196009606,0.02707300,0.02704,0.02706,0.02707400,0.02707,0.02708,0.02706500,0.027093,0.026864122562674068
1609196011113,0.02706400,0.02704,0.02706,0.02707200,0.02707,0.02708,0.02706400,0.027093,0.026864122562674068
1609196012676,0.02706500,0.02704,0.02706,0.02706800,0.02707,0.02708,0.02707200,0.027059,0.026864122562674068
1609196014255,0.02706300,0.02704,0.02706,0.02706800,0.02708,0.02708,0.02706300,0.027059,0.026864122562674068
1609196015773,0.02706300,0.02704,0.02706,0.02706400,0.02708,0.02708,0.02706300,0.027059,0.026864122562674068
1609196017313,0.02706400,0.02705,0.02705,0.02706500,0.02708,0.02707,0.02708300,0.027059,0.026864122562674068
1609196018884,0.02706600,0.02705,0.02705,0.02707400,0.02708,0.02707,0.02706600,0.027059,0.026864122562674068
1609196020406,0.02704800,0.02705,0.02706,0.02705000,0.02708,0.02708,0.02704900,0.027059,0.026864122562674068
1609196021962,0.02704900,0.02704,0.02705,0.02705100,0.02708,0.02706,0.02704900,0.027059,0.026864122562674068
1609196023477,0.02705000,0.02704,0.02705,0.02705500,0.02708,0.02706,0.02704900,0.027059,0.026864122562674068
1609196025003,0.02704800,0.02703,0.02705,0.02705100,0.02706,0.02706,0.02705200,0.027059,0.026864122562674068
1609196026529,0.02705000,0.02703,0.02705,0.02705100,0.02706,0.02706,0.02705200,0.027059,0.026864122562674068
1609196028051,0.02705000,0.02703,0.02705,0.02705100,0.02706,0.02706,0.02705400,0.027059,0.026864122562674068
1609196029615,0.02705400,0.02703,0.02705,0.02706000,0.02706,0.02706,0.02705500,0.027059,0.026864122562674068
1609196031186,0.02705500,0.02703,0.02706,0.02706200,0.02706,0.02707,0.02705800,0.027059,0.026864122562674068
1609196032808,0.02706200,0.02703,0.02706,0.02706500,0.02707,0.02707,0.02705300,0.027059,0.026864122562674068
1609196034524,0.02705300,0.02703,0.02705,0.02705800,0.02707,0.02707,0.02704800,0.027059,0.026864122562674068
1609196037312,0.02704700,0.02703,0.02705,0.02705200,0.02707,0.02707,0.02705300,0.027059,0.026864122562674068
1609196038938,0.02704900,0.02703,0.02705,0.02705300,0.02706,0.02706,0.02705300,0.027059,0.026864122562674068
1609196040493,0.02704600,0.02703,0.02704,0.02704700,0.02706,0.02706,0.02704700,0.027059,0.02707
1609196042045,0.02704600,0.02703,0.02704,0.02704700,0.02706,0.02706,0.02704700,0.027059,0.02707
1609196043570,0.02704600,0.02703,0.02704,0.02704700,0.02706,0.02706,0.02704600,0.027059,0.02707
1609196045107,0.02704400,0.02703,0.02704,0.02704700,0.02706,0.02706,0.02704500,0.027059,0.02707
1609196046635,0.02704400,0.02703,0.02704,0.02705000,0.02706,0.02706,0.02705100,0.027059,0.02707
1609196049184,0.02702600,0.02703,0.02704,0.02703300,0.02706,0.02706,0.02703400,0.027059,0.02707
1609196050745,0.02702700,0.02703,0.02703,0.02703100,0.02706,0.02704,0.02702700,0.027059,0.02707
1609196052282,0.02702700,0.02703,0.02703,0.02703100,0.02706,0.02704,0.02702600,0.027059,0.02707
1609196053814,0.02702100,0.02703,0.02702,0.02702400,0.02704,0.02704,0.02702400,0.027059,0.02707
1609196055401,0.02702000,0.02703,0.02702,0.02702300,0.02704,0.02704,0.02702600,0.027059,0.02707
1609196056916,0.02702700,0.02703,0.02702,0.02703500,0.02704,0.02704,0.02702600,0.027059,0.02707
1609196058453,0.02703000,0.02703,0.02702,0.02703900,0.02704,0.02705,0.02702600,0.027059,0.02707
1609196060050,0.02702800,0.02703,0.02702,0.02703600,0.02705,0.02705,0.02703000,0.027059,0.02707
1609196061667,0.02703300,0.02703,0.02702,0.02704000,0.02705,0.02705,0.02704400,0.027059,0.02707
1609196063187,0.02704000,0.02703,0.02704,0.02704400,0.02705,0.02705,0.02704400,0.027059,0.02707
1609196065196,0.02704400,0.02703,0.02704,0.02704500,0.02706,0.02706,0.02704600,0.027059,0.02707
1609196066818,0.02704900,0.02703,0.02704,0.02705600,0.02706,0.02706,0.02705100,0.027059,0.02707
1609196068401,0.02705400,0.02703,0.02705,0.02706100,0.02706,0.02708,0.02705400,0.027059,0.02707
1609196069964,0.02705200,0.02703,0.02705,0.02705800,0.02706,0.02708,0.02705200,0.027059,0.02707
1609196071584,0.02705100,0.02703,0.02705,0.02705800,0.02706,0.02708,0.02705200,0.027059,0.02707
1609196073163,0.02705100,0.02703,0.02705,0.02705700,0.02706,0.02708,0.02705200,0.027059,0.02707
1609196074698,0.02705200,0.02703,0.02705,0.02705900,0.02707,0.02708,0.02705200,0.027059,0.02707
1609196076216,0.02705300,0.02703,0.02705,0.02706300,0.02707,0.02708,0.02705200,0.027059,0.02707
1609196077773,0.02705000,0.02703,0.02705,0.02706100,0.02707,0.02708,0.02705100,0.027059,0.02707
1609196079281,0.02705400,0.02703,0.02705,0.02706300,0.02707,0.02708,0.02705400,0.027059,0.02707
1609196080842,0.02706000,0.02703,0.02706,0.02706300,0.02707,0.02708,0.02705400,0.027059,0.02707
1609196082396,0.02705900,0.02703,0.02706,0.02706300,0.02707,0.02708,0.02705400,0.027059,0.02707
1609196084002,0.02705400,0.02703,0.02706,0.02705900,0.02707,0.02708,0.02705900,0.027059,0.02707
1609196085620,0.02705000,0.02703,0.02706,0.02705900,0.02707,0.02708,0.02704700,0.027059,0.02707
1609196087194,0.02704500,0.02703,0.02705,0.02705400,0.02707,0.02707,0.02704700,0.027059,0.02707
1609196088721,0.02704400,0.02703,0.02705,0.02705200,0.02706,0.02707,0.02704700,0.027059,0.02707
1609196090267,0.02704800,0.02703,0.02705,0.02705800,0.02706,0.02706,0.02704700,0.027059,0.02707
1609196091818,0.02704900,0.02703,0.02705,0.02705700,0.02706,0.02706,0.02704700,0.027059,0.02707
1609196093352,0.02705800,0.02703,0.02705,0.02706400,0.02706,0.02708,0.02706600,0.027059,0.02707
1609196094913,0.02706000,0.02703,0.02706,0.02706900,0.02706,0.02708,0.02706900,0.027059,0.02707
1609196096474,0.02706500,0.02703,0.02706,0.02706900,0.02706,0.02708,0.02706500,0.027059,0.02707
1609196098067,0.02706600,0.02704,0.02707,0.02706900,0.02708,0.02709,0.02707000,0.027059,0.02707
1609196099643,0.02707100,0.02704,0.02707,0.02707600,0.02708,0.02709,0.02707000,0.027059,0.02707
1609196101213,0.02707200,0.02704,0.02708,0.02707600,0.02708,0.02709,0.02707000,0.027059,0.02707
1609196102787,0.02706800,0.02704,0.02708,0.02707400,0.02708,0.02709,0.02706800,0.027059,0.02707
1609196104346,0.02706400,0.02704,0.02706,0.02706700,0.02708,0.02708,0.02706800,0.027059,0.02707
1609196105914,0.02706600,0.02704,0.02706,0.02707200,0.02708,0.02708,0.02706800,0.027059,0.02707
1609196107667,0.02707100,0.02704,0.02707,0.02707400,0.02708,0.02708,0.02706800,0.027059,0.02707
1609196109231,0.02706900,0.02704,0.02707,0.02707400,0.02708,0.02708,0.02706900,0.027059,0.02707
1609196110766,0.02706600,0.02704,0.02707,0.02706700,0.02708,0.02709,0.02706700,0.027059,0.02707
1609196112383,0.02705900,0.02704,0.02706,0.02706700,0.02708,0.02707,0.02706700,0.027059,0.02707
1609196113986,0.02706500,0.02704,0.02706,0.02707200,0.02708,0.02707,0.02706700,0.027059,0.02707
1609196115543,0.02706500,0.02704,0.02707,0.02707200,0.02708,0.02708,0.02706700,0.027059,0.02707
1609196117082,0.02707300,0.02705,0.02707,0.02707400,0.02709,0.02708,0.02707400,0.027059,0.02707
1609196118676,0.02707700,0.02705,0.02708,0.02708300,0.02709,0.02711,0.02708300,0.027059,0.02707
1609196120325,0.02707700,0.02705,0.02708,0.02708300,0.02709,0.02711,0.02708300,0.027059,0.02707
1609196121892,0.02707000,0.02705,0.02708,0.02707800,0.02709,0.0271,0.02706700,0.027059,0.02707
1609196123876,0.02706900,0.02706,0.02708,0.02707600,0.0271,0.02709,0.02706900,0.027059,0.02707
1609196125451,0.02706700,0.02706,0.02708,0.02706800,0.0271,0.02709,0.02706700,0.027059,0.02707
1609196127094,0.02705800,0.02704,0.02708,0.02706500,0.02709,0.02709,0.02705600,0.027059,0.02707
1609196128723,0.02705800,0.02704,0.02706,0.02706800,0.02709,0.02708,0.02705600,0.027059,0.02707
1609196130299,0.02706300,0.02704,0.02706,0.02707000,0.02708,0.02708,0.02705600,0.027059,0.02707
1609196131849,0.02706700,0.02704,0.02706,0.02707000,0.02708,0.02708,0.02705600,0.027059,0.02707
1609196133584,0.02706700,0.02704,0.02706,0.02707000,0.02708,0.02708,0.02706700,0.027059,0.02707
1609196135114,0.02705300,0.02704,0.02705,0.02706100,0.02708,0.02707,0.02705300,0.027059,0.02707
1609196136636,0.02704700,0.02704,0.02705,0.02705300,0.02708,0.02707,0.02704700,0.027059,0.02707
1609196138179,0.02704700,0.02704,0.02704,0.02705300,0.02708,0.02706,0.02704700,0.027059,0.02707
1609196139753,0.02705000,0.02704,0.02704,0.02705200,0.02707,0.02706,0.02705000,0.027059,0.02707
1609196141403,0.02705000,0.02704,0.02704,0.02705100,0.02707,0.02706,0.02705000,0.027059,0.02707
1609196142943,0.02705000,0.02703,0.02704,0.02705200,0.02707,0.02706,0.02705000,0.027059,0.02707
1609196144475,0.02705000,0.02703,0.02704,0.02705200,0.02707,0.02706,0.02705000,0.027059,0.02707
1609196146048,0.02704600,0.02703,0.02704,0.02705100,0.02707,0.02706,0.02704700,0.027059,0.02707
1609196147614,0.02704600,0.02703,0.02704,0.02704900,0.02707,0.02706,0.02704900,0.027059,0.02707
1609196149285,0.02704300,0.02703,0.02704,0.02704600,0.02707,0.02706,0.02704600,0.027059,0.02707
1609196150958,0.02703600,0.02703,0.02703,0.02704300,0.02707,0.02706,0.02704500,0.027059,0.02707
1609196152520,0.02703600,0.02703,0.02703,0.02703700,0.02707,0.02706,0.02703700,0.027059,0.02707
1609196154038,0.02702600,0.02703,0.02702,0.02702900,0.02706,0.02704,0.02702600,0.027059,0.02707
1609196155567,0.02702600,0.02703,0.02702,0.02702900,0.02706,0.02704,0.02702600,0.027059,0.02707
1609196157161,0.02702600,0.02703,0.02702,0.02703200,0.02706,0.02704,0.02702600,0.027016,0.02707
1609196158720,0.02702600,0.02703,0.02703,0.02703500,0.02704,0.02704,0.02702600,0.027016,0.02707
1609196160266,0.02702600,0.02703,0.02703,0.02703300,0.02704,0.02704,0.02703300,0.027016,0.02702
1609196161809,0.02703600,0.02703,0.02703,0.02704300,0.02705,0.02704,0.02703500,0.027016,0.02702
1609196163399,0.02703700,0.02703,0.02703,0.02704500,0.02705,0.02704,0.02704600,0.027016,0.02702
1609196164968,0.02704300,0.02701,0.02703,0.02704600,0.02705,0.02704,0.02704600,0.027016,0.02702
1609196166616,0.02704500,0.02701,0.02703,0.02705000,0.02706,0.02704,0.02704600,0.027016,0.02702
1609196168180,0.02704600,0.02701,0.02704,0.02705000,0.02706,0.02705,0.02704600,0.027016,0.02702
1609196169727,0.02704300,0.02701,0.02704,0.02704700,0.02706,0.02705,0.02703900,0.027016,0.02702
1609196171334,0.02702900,0.02701,0.02703,0.02704100,0.02706,0.02704,0.02702900,0.027016,0.02702
1609196172999,0.02702600,0.02701,0.02703,0.02703500,0.02706,0.02704,0.02702600,0.027016,0.02702
1609196174595,0.02702900,0.02701,0.02702,0.02703700,0.02705,0.02704,0.02703700,0.027016,0.02702
1609196176179,0.02703300,0.02701,0.02703,0.02703800,0.02705,0.02704,0.02703700,0.027016,0.02702
1609196177736,0.02703300,0.02701,0.02703,0.02703500,0.02705,0.02704,0.02703300,0.027016,0.02702
1609196179347,0.02703600,0.027,0.02703,0.02704200,0.02705,0.02704,0.02703300,0.027016,0.02702
1609196180973,0.02703700,0.027,0.02703,0.02704100,0.02705,0.02705,0.02703700,0.027016,0.02702
1609196182584,0.02704000,0.027,0.02703,0.02704600,0.02705,0.02705,0.02705000,0.027016,0.02702
1609196184589,0.02704400,0.027,0.02704,0.02704800,0.02704,0.02705,0.02704500,0.027016,0.02702
1609196186196,0.02703800,0.027,0.02704,0.02704800,0.02704,0.02705,0.02703700,0.027016,0.02702
1609196187823,0.02703900,0.02701,0.02704,0.02704700,0.02706,0.02705,0.02704700,0.027016,0.02702
1609196189418,0.02703900,0.02701,0.02704,0.02704600,0.02706,0.02705,0.02704700,0.027016,0.02702
1609196191073,0.02703800,0.02701,0.02703,0.02704400,0.02706,0.02705,0.02703800,0.027016,0.02702
1609196192744,0.02703600,0.02701,0.02703,0.02703800,0.02706,0.02705,0.02703800,0.027016,0.02702
1609196194465,0.02703600,0.02701,0.02703,0.02704000,0.02706,0.02705,0.02703500,0.027016,0.02702
1609196196108,0.02702000,0.02701,0.02703,0.02702600,0.02706,0.02705,0.02702100,0.027016,0.02702
1609196197791,0.02702100,0.02701,0.02701,0.02702800,0.02706,0.02704,0.02702100,0.027016,0.02702
1609196199464,0.02702000,0.027,0.02701,0.02702600,0.02704,0.02703,0.02702300,0.027016,0.02702
1609196201025,0.02701300,0.027,0.02701,0.02701400,0.02704,0.02703,0.02701300,0.027016,0.02702
1609196202701,0.02700800,0.027,0.02701,0.02701200,0.02704,0.02702,0.02700800,0.027016,0.02702
1609196204292,0.02700900,0.027,0.027,0.02701300,0.02704,0.02701,0.02701100,0.027016,0.02702
1609196205896,0.02699800,0.027,0.027,0.02700200,0.02704,0.02701,0.02700200,0.027016,0.02702
1609196207478,0.02699400,0.02698,0.027,0.02700000,0.02702,0.02701,0.02699400,0.027016,0.02702
1609196209159,0.02698600,0.02698,0.02698,0.02699300,0.02702,0.02701,0.02698600,0.027016,0.02702
1609196210715,0.02697900,0.02698,0.02698,0.02698500,0.02702,0.027,0.02698100,0.027016,0.02702
1609196212273,0.02697600,0.02698,0.02698,0.02698000,0.02702,0.02699,0.02697300,0.027016,0.02702
1609196213852,0.02696900,0.02698,0.02698,0.02697500,0.027,0.02699,0.02697500,0.026988,0.02702
1609196215474,0.02696600,0.02698,0.02698,0.02698000,0.027,0.02699,0.02696600,0.026985,0.02702
1609196217098,0.02696900,0.02698,0.02698,0.02698000,0.027,0.02699,0.02698300,0.026985,0.02702
1609196218651,0.02697600,0.02698,0.02699,0.02699600,0.02701,0.027,0.02699600,0.02698,0.02702
1609196220278,0.02699100,0.02698,0.02701,0.02700600,0.02701,0.02702,0.02701300,0.02698,0.027
1609196221875,0.02700400,0.02698,0.02701,0.02701600,0.02701,0.02702,0.02700300,0.02698,0.027
1609196223488,0.02700900,0.02698,0.02702,0.02702000,0.02701,0.02703,0.02700800,0.02698,0.027
1609196225182,0.02699600,0.02698,0.02702,0.02700400,0.02704,0.02703,0.02700500,0.02698,0.027
1609196226788,0.02699800,0.02698,0.027,0.02700400,0.02704,0.02702,0.02699800,0.02698,0.027
1609196228367,0.02698600,0.02698,0.02699,0.02699600,0.02703,0.02701,0.02699400,0.02698,0.027
1609196230004,0.02697900,0.02698,0.02699,0.02698800,0.02703,0.027,0.02698800,0.02698,0.027
1609196231679,0.02698400,0.02698,0.02699,0.02699100,0.02701,0.027,0.02698100,0.02698,0.027
1609196233275,0.02698200,0.02698,0.02699,0.02699000,0.02701,0.027,0.02698100,0.02698,0.027
1609196234927,0.02698800,0.02698,0.02699,0.02699300,0.02701,0.027,0.02698100,0.02698,0.027
1609196236498,0.02699000,0.02697,0.02699,0.02700100,0.02702,0.027,0.02698900,0.02698,0.027
1609196238145,0.02698900,0.02697,0.027,0.02699600,0.02702,0.02701,0.02698900,0.02698,0.027
1609196239760,0.02698900,0.02697,0.027,0.02700000,0.02702,0.02701,0.02699500,0.02698,0.027
1609196242381,0.02698800,0.02697,0.027,0.02699400,0.02701,0.02701,0.02699500,0.02698,0.027
1609196244554,0.02699700,0.02697,0.027,0.02700400,0.02701,0.02701,0.02700400,0.02698,0.027
1609196246170,0.02699700,0.02697,0.02701,0.02700400,0.02701,0.02702,0.02700400,0.02698,0.027
1609196248246,0.02698900,0.02697,0.02699,0.02699800,0.02703,0.02701,0.02699100,0.02698,0.027
1609196249868,0.02698900,0.02697,0.02699,0.02699800,0.02703,0.02701,0.02699700,0.02698,0.027
1609196251440,0.02698100,0.02697,0.02699,0.02698900,0.02702,0.02701,0.02698600,0.02698,0.027
1609196253107,0.02697600,0.02697,0.02699,0.02698300,0.02701,0.027,0.02698300,0.02698,0.027
1609196254798,0.02697600,0.02697,0.02699,0.02698600,0.02701,0.027,0.02698100,0.02698,0.027
1609196256543,0.02697800,0.02697,0.02699,0.02699700,0.02701,0.027,0.02698000,0.02698,0.027
1609196258206,0.02698700,0.02697,0.02699,0.02699700,0.027,0.027,0.02697000,0.02698,0.027
1609196259787,0.02698300,0.02697,0.02699,0.02699000,0.027,0.027,0.02697000,0.02698,0.027
1609196261382,0.02698900,0.02697,0.02699,0.02699600,0.027,0.02701,0.02699400,0.02698,0.027
1609196263013,0.02699000,0.02697,0.027,0.02700100,0.02702,0.02702,0.02699900,0.02698,0.027
1609196264926,0.02699100,0.02697,0.02699,0.02699900,0.02702,0.02702,0.02699900,0.02698,0.027
1609196266701,0.02700000,0.02697,0.02699,0.02700300,0.02702,0.02702,0.02700300,0.02698,0.027
1609196268354,0.02699400,0.02697,0.027,0.02700100,0.02702,0.02702,0.02699600,0.02698,0.027
1609196270021,0.02699400,0.02697,0.027,0.02700400,0.02702,0.02701,0.02699600,0.026973,0.027
1609196271654,0.02699800,0.02697,0.027,0.02700400,0.02702,0.02701,0.02699600,0.026973,0.027
1609196273319,0.02699900,0.02697,0.027,0.02700400,0.02702,0.02702,0.02699900,0.026973,0.027
1609196274944,0.02699900,0.02697,0.027,0.02700400,0.02702,0.02702,0.02700400,0.026973,0.027
1609196276708,0.02700500,0.02697,0.027,0.02700600,0.02703,0.02702,0.02700600,0.026973,0.027
1609196278441,0.02700500,0.02697,0.027,0.02700600,0.02703,0.02702,0.02700600,0.026973,0.027
1609196280181,0.02700400,0.02697,0.027,0.02700500,0.02703,0.02702,0.02699600,0.026973,0.027
1609196282116,0.02699600,0.02697,0.027,0.02700200,0.02703,0.02702,0.02700200,0.026973,0.027
1609196283759,0.02700000,0.02697,0.027,0.02700700,0.02703,0.02702,0.02700600,0.026973,0.027
1609196285409,0.02700100,0.02697,0.027,0.02700800,0.02703,0.02702,0.02700000,0.026973,0.027
1609196286984,0.02700100,0.02697,0.027,0.02700800,0.02703,0.02702,0.02700800,0.026973,0.027
1609196288672,0.02700200,0.02697,0.027,0.02700500,0.02703,0.02702,0.02700800,0.026973,0.027
1609196291108,0.02701200,0.02697,0.027,0.02701300,0.02703,0.02702,0.02701300,0.026973,0.027
1609196292872,0.02701200,0.02698,0.02701,0.02701300,0.02703,0.02703,0.02701300,0.026973,0.027
1609196294605,0.02700900,0.02698,0.02701,0.02701500,0.02703,0.02703,0.02701500,0.026973,0.027
1609196296254,0.02700900,0.02698,0.02701,0.02701600,0.02703,0.02703,0.02701500,0.026973,0.027
1609196297846,0.02700900,0.02698,0.02701,0.02701600,0.02703,0.02703,0.02701600,0.026973,0.027
1609196299538,0.02700800,0.02698,0.02701,0.02701300,0.02703,0.02704,0.02701300,0.026973,0.027
1609196301368,0.02700800,0.02698,0.02701,0.02701400,0.02703,0.02704,0.02700800,0.026973,0.027
1609196303110,0.02700600,0.02698,0.02701,0.02701200,0.02703,0.02704,0.02701200,0.026973,0.027
1609196304767,0.02700600,0.02699,0.02701,0.02701100,0.02703,0.02704,0.02701200,0.026973,0.027
1609196306829,0.02700400,0.02699,0.02701,0.02701200,0.02703,0.02703,0.02700300,0.026973,0.027
1609196308515,0.02699900,0.02699,0.027,0.02700400,0.02703,0.02702,0.02700400,0.026973,0.027
1609196310139,0.02699500,0.02699,0.027,0.02700200,0.02702,0.02702,0.02699900,0.026973,0.027
1609196311866,0.02699200,0.02699,0.027,0.02699500,0.02702,0.02702,0.02699500,0.026973,0.027
1609196313546,0.02699100,0.02699,0.027,0.02699400,0.02702,0.02702,0.02699100,0.026973,0.027
1609196315639,0.02699200,0.02699,0.02699,0.02699900,0.02702,0.02702,0.02699200,0.026973,0.027
1609196317241,0.02699700,0.02699,0.02699,0.02700600,0.02702,0.02702,0.02701900,0.026973,0.027
1609196318909,0.02701300,0.02699,0.02701,0.02702000,0.02702,0.02704,0.02701900,0.026973,0.027
1609196320568,0.02701900,0.02699,0.02701,0.02702000,0.02703,0.02704,0.02702000,0.026973,0.027
1609196322259,0.02702100,0.02699,0.02702,0.02702200,0.02703,0.02704,0.02701600,0.026973,0.027
1609196323839,0.02701000,0.02699,0.02702,0.02701800,0.02703,0.02704,0.02701300,0.026973,0.027
1609196325435,0.02701000,0.02699,0.02701,0.02701800,0.02703,0.02704,0.02701800,0.026973,0.027
1609196327074,0.02700500,0.027,0.02701,0.02701600,0.02704,0.02704,0.02701800,0.026973,0.027
1609196328835,0.02701300,0.027,0.02701,0.02702200,0.02704,0.02703,0.02702200,0.026973,0.027
1609196330965,0.02700900,0.02699,0.02701,0.02701600,0.02703,0.02703,0.02701300,0.026973,0.027
1609196332570,0.02701200,0.02699,0.02701,0.02701700,0.02703,0.02703,0.02701700,0.026973,0.027
1609196334164,0.02701200,0.02699,0.02701,0.02701800,0.02703,0.02703,0.02701700,0.026973,0.027
1609196336170,0.02702100,0.02699,0.02701,0.02702600,0.02703,0.02703,0.02702500,0.026973,0.027
1609196338769,0.02702900,0.02699,0.02702,0.02703000,0.02704,0.02705,0.02702900,0.026973,0.027
1609196340394,0.02703300,0.02699,0.02703,0.02703400,0.02704,0.02705,0.02703500,0.026973,0.02702
1609196341978,0.02703700,0.02699,0.02703,0.02703800,0.02704,0.02705,0.02703800,0.026973,0.02702
1609196343691,0.02702500,0.02699,0.02703,0.02703200,0.02704,0.02705,0.02702500,0.026973,0.02702
1609196345337,0.02701600,0.027,0.02702,0.02702300,0.02704,0.02703,0.02703100,0.026973,0.02702
1609196346997,0.02702500,0.027,0.02702,0.02703300,0.02704,0.02704,0.02703300,0.026973,0.02702
1609196348602,0.02702600,0.027,0.02702,0.02703300,0.02704,0.02705,0.02703300,0.026973,0.02702
1609196350241,0.02703200,0.02699,0.02703,0.02703300,0.02704,0.02704,0.02703200,0.026973,0.02702
1609196351953,0.02703100,0.027,0.02703,0.02703200,0.02704,0.02704,0.02703200,0.026973,0.02702
1609196353694,0.02702600,0.027,0.02703,0.02703200,0.02704,0.02704,0.02702800,0.026973,0.02702
1609196355361,0.02702500,0.027,0.02702,0.02703000,0.02704,0.02704,0.02702500,0.026973,0.02702
1609196356991,0.02701600,0.027,0.02702,0.02702300,0.02704,0.02704,0.02702500,0.026973,0.02702
1609196358667,0.02701800,0.027,0.02702,0.02702400,0.02704,0.02704,0.02702500,0.026973,0.02702
1609196360280,0.02702400,0.02699,0.02703,0.02702700,0.02703,0.02704,0.02702300,0.026973,0.02702
1609196361990,0.02702100,0.02699,0.02703,0.02702600,0.02703,0.02704,0.02702800,0.026973,0.02702
1609196363630,0.02701800,0.02699,0.02702,0.02702400,0.02704,0.02704,0.02702800,0.026973,0.02702
1609196365271,0.02701700,0.02699,0.02702,0.02702400,0.02704,0.02704,0.02702400,0.026973,0.02702
1609196366898,0.02701700,0.02699,0.02701,0.02702500,0.02704,0.02703,0.02701700,0.026973,0.02702
1609196368999,0.02701700,0.02699,0.02701,0.02702300,0.02704,0.02703,0.02701700,0.026973,0.02702
1609196370698,0.02701700,0.02699,0.02701,0.02702200,0.02703,0.02703,0.02701700,0.026973,0.02702
1609196372383,0.02702000,0.02699,0.02701,0.02702400,0.02703,0.02703,0.02702500,0.026973,0.02702
1609196374099,0.02701600,0.02699,0.02701,0.02702200,0.02703,0.02703,0.02701700,0.026973,0.02702
1609196375765,0.02701800,0.02699,0.02701,0.02702500,0.02703,0.02703,0.02701800,0.026973,0.02702
1609196377837,0.02702800,0.027,0.02701,0.02703300,0.02704,0.02703,0.02703300,0.026973,0.02702
1609196379435,0.02702900,0.027,0.02702,0.02703400,0.02704,0.02704,0.02703400,0.026973,0.02702
1609196381082,0.02702600,0.027,0.02702,0.02703000,0.02704,0.02704,0.02702500,0.026973,0.02702
1609196382721,0.02701100,0.027,0.02702,0.02701500,0.02704,0.02704,0.02701500,0.026973,0.02702
1609196384432,0.02701000,0.027,0.02702,0.02701300,0.02704,0.02704,0.02701000,0.026973,0.02702
1609196386115,0.02700900,0.02699,0.027,0.02701200,0.02702,0.02702,0.02701200,0.026973,0.02702
1609196387738,0.02700900,0.02699,0.027,0.02701300,0.02702,0.02702,0.02701200,0.026973,0.02702
1609196389414,0.02700600,0.02699,0.027,0.02700900,0.02702,0.02702,0.02700900,0.026973,0.02702
1609196391043,0.02701200,0.02699,0.027,0.02701300,0.02702,0.02702,0.02701300,0.026973,0.02702
1609196392735,0.02701500,0.02699,0.02701,0.02702200,0.02702,0.02703,0.02701500,0.026973,0.02702
1609196394406,0.02701800,0.02699,0.02701,0.02702500,0.02702,0.02703,0.02701700,0.026973,0.02702
1609196396049,0.02701600,0.02699,0.02701,0.02702700,0.02703,0.02703,0.02701700,0.026973,0.02702
1609196397727,0.02701800,0.02699,0.02701,0.02702600,0.02703,0.02703,0.02701700,0.026973,0.02702
1609196399380,0.02701600,0.02699,0.02701,0.02702800,0.02702,0.02703,0.02702800,0.026973,0.02702
1609196401107,0.02702300,0.02699,0.02702,0.02702400,0.02703,0.02704,0.02701500,0.026973,0.02702
1609196402758,0.02700800,0.027,0.02702,0.02701500,0.02703,0.02704,0.02701500,0.026973,0.02702
1609196404427,0.02700000,0.02699,0.027,0.02700100,0.02703,0.02701,0.02700000,0.026973,0.02702
1609196406512,0.02699600,0.02699,0.027,0.02699900,0.02703,0.02701,0.02699600,0.026973,0.02702
1609196408187,0.02699600,0.02699,0.02699,0.02699700,0.02701,0.02701,0.02699300,0.026973,0.02702
1609196409844,0.02699000,0.02699,0.02699,0.02699100,0.02701,0.027,0.02699100,0.026973,0.02702
1609196411517,0.02699000,0.02699,0.02699,0.02699100,0.02701,0.027,0.02699100,0.026973,0.02702
1609196413175,0.02699100,0.02699,0.02699,0.02699200,0.02701,0.027,0.02699000,0.026973,0.02702
1609196414861,0.02698600,0.02699,0.02699,0.02699100,0.02701,0.027,0.02699000,0.026973,0.02702
1609196416627,0.02697600,0.02699,0.02698,0.02698000,0.02701,0.02699,0.02698500,0.02699,0.02702
1609196418294,0.02699000,0.02699,0.02698,0.02699100,0.02702,0.02699,0.02697900,0.02699,0.02702
1609196420017,0.02698100,0.02697,0.02698,0.02698200,0.02701,0.02699,0.02698300,0.02699,0.02702
1609196421654,0.02698100,0.02697,0.02698,0.02698200,0.02701,0.02699,0.02698200,0.02699,0.02702
1609196423536,0.02699400,0.02697,0.02699,0.02699500,0.02701,0.027,0.02698100,0.02699,0.02702
1609196425168,0.02698900,0.02697,0.02698,0.02699200,0.02701,0.027,0.02699500,0.02699,0.02702
1609196426848,0.02699100,0.02697,0.02698,0.02699600,0.02701,0.027,0.02699500,0.02699,0.02702
1609196428972,0.02699700,0.02697,0.02698,0.02700400,0.02701,0.027,0.02699600,0.02699,0.02702
1609196430631,0.02700500,0.02697,0.027,0.02700600,0.02701,0.02701,0.02700600,0.02699,0.02702
1609196432439,0.02699900,0.02698,0.027,0.02700000,0.02702,0.02702,0.02700400,0.02699,0.02702
1609196434135,0.02699800,0.02698,0.02698,0.02699900,0.02702,0.02701,0.02699400,0.02699,0.02702
1609196435771,0.02698700,0.02698,0.02698,0.02698800,0.02702,0.02701,0.02698900,0.02699,0.02702
1609196437461,0.02699000,0.02697,0.02698,0.02699600,0.02701,0.027,0.02699600,0.02699,0.02702
1609196439175,0.02698800,0.02697,0.02698,0.02699100,0.02701,0.02701,0.02699600,0.02699,0.02702
1609196440828,0.02699400,0.02697,0.02699,0.02699500,0.02701,0.02701,0.02699300,0.02699,0.02702
1609196442510,0.02700400,0.02697,0.02699,0.02700800,0.02701,0.02701,0.02700400,0.02699,0.02702
1609196444281,0.02700700,0.02697,0.02701,0.02701200,0.02701,0.02702,0.02701200,0.02699,0.02702
1609196446434,0.02701100,0.02697,0.02701,0.02701200,0.02702,0.02702,0.02701200,0.02699,0.02702
1609196448139,0.02701300,0.02697,0.02702,0.02701600,0.02702,0.02703,0.02701600,0.02699,0.02702
1609196449816,0.02701900,0.02697,0.02702,0.02702600,0.02702,0.02703,0.02701600,0.02699,0.02702
1609196451503,0.02701100,0.02697,0.02702,0.02701200,0.02702,0.02703,0.02700700,0.02699,0.02702
1609196453343,0.02700800,0.02699,0.027,0.02701200,0.02703,0.02703,0.02700900,0.02699,0.02702
1609196455027,0.02700400,0.02699,0.02701,0.02701000,0.02703,0.02703,0.02700500,0.02699,0.02702
1609196456729,0.02700400,0.02699,0.02701,0.02701100,0.02703,0.02702,0.02701100,0.02699,0.02702
1609196458440,0.02700500,0.02699,0.02701,0.02701200,0.02703,0.02702,0.02700500,0.02699,0.02702
1609196460103,0.02700400,0.02699,0.02701,0.02700900,0.02703,0.02702,0.02700500,0.02699,0.02697
1609196461809,0.02700800,0.02699,0.02701,0.02701300,0.02703,0.02702,0.02701100,0.02699,0.02697
1609196463532,0.02701000,0.02699,0.02701,0.02701100,0.02703,0.02703,0.02701100,0.02699,0.02697
1609196465222,0.02700100,0.02698,0.02701,0.02700300,0.02703,0.02703,0.02700200,0.02699,0.02697
1609196466957,0.02700100,0.02698,0.027,0.02700200,0.02703,0.02701,0.02700100,0.02699,0.02697
1609196468716,0.02699000,0.02698,0.027,0.02699100,0.02703,0.02701,0.02699100,0.02699,0.02697
1609196470723,0.02699100,0.02698,0.027,0.02699200,0.02702,0.02701,0.02699200,0.02699,0.02697
1609196472413,0.02698800,0.02698,0.027,0.02698900,0.02702,0.02701,0.02699300,0.02699,0.02697
1609196474128,0.02699200,0.02697,0.027,0.02699300,0.02701,0.02701,0.02700100,0.02699,0.02697
1609196475834,0.02699500,0.02697,0.027,0.02699600,0.02701,0.02701,0.02699600,0.02699,0.02697
1609196477503,0.02699800,0.02697,0.027,0.02700400,0.02702,0.02701,0.02700400,0.02699,0.02697
1609196479405,0.02699700,0.02697,0.027,0.02700100,0.02702,0.02702,0.02700100,0.02699,0.02697
1609196481161,0.02700100,0.02697,0.027,0.02700300,0.02702,0.02702,0.02700100,0.02699,0.02697
1609196482828,0.02700000,0.02697,0.027,0.02700300,0.02702,0.02702,0.02700300,0.02699,0.02697
1609196484542,0.02700000,0.02697,0.027,0.02700300,0.02702,0.02702,0.02700300,0.02699,0.02697
1609196486265,0.02699800,0.02697,0.027,0.02700000,0.02702,0.02702,0.02700000,0.02699,0.02697
1609196487935,0.02699800,0.02697,0.027,0.02700200,0.02702,0.02702,0.02700200,0.02699,0.02697
1609196489645,0.02699800,0.02698,0.027,0.02700400,0.02702,0.02702,0.02700400,0.02699,0.02697
1609196491343,0.02698800,0.02698,0.027,0.02699300,0.02702,0.02701,0.02699400,0.02699,0.02697
1609196493055,0.02698900,0.02698,0.027,0.02699000,0.02702,0.02701,0.02698500,0.02699,0.02697
1609196494714,0.02698100,0.02697,0.02699,0.02698300,0.02701,0.027,0.02698200,0.02699,0.02697
1609196496400,0.02698200,0.02697,0.02697,0.02698300,0.02701,0.027,0.02698600,0.02699,0.02697
1609196498116,0.02698000,0.02697,0.02697,0.02698600,0.02699,0.027,0.02698200,0.02699,0.02697
1609196499766,0.02697000,0.02697,0.02697,0.02698100,0.02699,0.027,0.02698100,0.02699,0.02697
1609196501574,0.02696600,0.02697,0.02696,0.02697400,0.02699,0.02698,0.02696700,0.026977,0.02697
1609196503262,0.02696900,0.02697,0.02696,0.02697700,0.02698,0.02699,0.02696700,0.026977,0.02697
1609196505001,0.02696600,0.02697,0.02697,0.02697400,0.02698,0.02698,0.02697700,0.026977,0.02697
1609196506643,0.02696600,0.02697,0.02697,0.02697700,0.02698,0.02698,0.02696600,0.026977,0.02697
1609196508383,0.02696300,0.02697,0.02697,0.02696900,0.02698,0.02698,0.02696400,0.026977,0.02697
1609196510127,0.02696200,0.02697,0.02697,0.02697100,0.02698,0.02698,0.02696200,0.026977,0.02697
1609196511834,0.02696100,0.02697,0.02695,0.02697000,0.02698,0.02698,0.02696100,0.026977,0.02697
1609196513504,0.02695800,0.02697,0.02695,0.02696400,0.02698,0.02698,0.02696000,0.026977,0.02697
1609196515216,0.02695700,0.02697,0.02695,0.02695800,0.02698,0.02697,0.02695100,0.026977,0.02697
1609196516986,0.02695200,0.02697,0.02695,0.02695800,0.02698,0.02697,0.02695800,0.026977,0.02697
1609196518674,0.02695600,0.02697,0.02695,0.02695800,0.02698,0.02698,0.02695600,0.026977,0.02697
1609196520383,0.02696000,0.02697,0.02695,0.02696100,0.02698,0.02698,0.02696100,0.026977,0.02699
1609196522158,0.02696300,0.02697,0.02695,0.02696400,0.02698,0.02698,0.02696300,0.026977,0.02699
1609196523944,0.02695800,0.02697,0.02695,0.02695900,0.02698,0.02698,0.02696300,0.026977,0.02699
1609196525614,0.02695700,0.02697,0.02695,0.02695800,0.02698,0.02698,0.02696100,0.026977,0.02699
1609196527327,0.02696200,0.02697,0.02695,0.02696300,0.02698,0.02698,0.02696200,0.026977,0.02699
1609196529073,0.02696200,0.02697,0.02696,0.02696300,0.02698,0.02698,0.02696400,0.026977,0.02699
1609196530765,0.02696700,0.02697,0.02696,0.02696800,0.02698,0.02698,0.02696800,0.026977,0.02699
1609196532521,0.02697100,0.02697,0.02696,0.02697200,0.02699,0.02698,0.02697200,0.026977,0.02699
1609196534204,0.02697100,0.02697,0.02696,0.02697200,0.02699,0.02698,0.02697200,0.026977,0.02699
1609196535933,0.02697500,0.02697,0.02696,0.02697600,0.02699,0.02699,0.02697700,0.026977,0.02699
1609196537664,0.02698000,0.02697,0.02697,0.02698200,0.02699,0.02699,0.02697700,0.026977,0.02699
1609196539409,0.02698100,0.02697,0.02697,0.02698200,0.027,0.02699,0.02698100,0.026977,0.02699
1609196541058,0.02698000,0.02697,0.02697,0.02698100,0.027,0.02699,0.02698000,0.026977,0.02699
1609196542789,0.02697900,0.02697,0.02697,0.02698000,0.027,0.02698,0.02697900,0.026977,0.02699
1609196544534,0.02698100,0.02697,0.02697,0.02698500,0.027,0.027,0.02698600,0.026977,0.02699
1609196546274,0.02699100,0.02697,0.02697,0.02699600,0.027,0.02699,0.02699600,0.026977,0.02699
1609196548015,0.02699700,0.02697,0.02699,0.02700400,0.02701,0.02701,0.02700600,0.026977,0.02699
1609196549753,0.02699900,0.02697,0.02699,0.02700600,0.02701,0.02701,0.02700600,0.026977,0.02699
1609196551535,0.02700000,0.02697,0.02699,0.02700600,0.02701,0.02701,0.02700400,0.026977,0.02699
1609196553340,0.02699600,0.02697,0.02699,0.02700300,0.02701,0.02701,0.02699800,0.026977,0.02699
1609196555065,0.02699500,0.02697,0.02698,0.02699600,0.02701,0.02699,0.02699200,0.026977,0.02699
1609196556823,0.02698800,0.02697,0.02698,0.02698900,0.02701,0.02699,0.02698900,0.026977,0.02699
1609196558534,0.02698000,0.02697,0.02698,0.02698100,0.02701,0.02699,0.02697900,0.026977,0.02699
1609196560229,0.02697600,0.02697,0.02698,0.02697700,0.02701,0.02699,0.02697900,0.026977,0.02699
1609196561985,0.02697600,0.02697,0.02697,0.02697700,0.02701,0.02698,0.02697600,0.026977,0.02699
1609196563790,0.02697600,0.02697,0.02697,0.02697700,0.027,0.02698,0.02697600,0.026977,0.02699
1609196565489,0.02698000,0.02697,0.02697,0.02698800,0.027,0.02698,0.02698500,0.026977,0.02699
1609196567361,0.02698300,0.02697,0.02697,0.02698900,0.027,0.02698,0.02699200,0.026977,0.02699
1609196569126,0.02698600,0.02697,0.02698,0.02699400,0.027,0.027,0.02698600,0.026977,0.02699
1609196570866,0.02698000,0.02697,0.02698,0.02698500,0.027,0.027,0.02699000,0.027001,0.02699
1609196572589,0.02698500,0.02697,0.02697,0.02698700,0.027,0.027,0.02698400,0.027001,0.02699
1609196574253,0.02698300,0.02697,0.02698,0.02698600,0.02701,0.02699,0.02698200,0.027001,0.02699
1609196575971,0.02698100,0.02697,0.02698,0.02698200,0.02701,0.02699,0.02698700,0.027001,0.02699
1609196577702,0.02697900,0.02697,0.02698,0.02698000,0.027,0.02699,0.02698100,0.027001,0.02699
1609196579442,0.02699000,0.02697,0.02698,0.02699100,0.027,0.02699,0.02699000,0.027001,0.02699
1609196581130,0.02698200,0.02697,0.02698,0.02698400,0.027,0.02699,0.02698500,0.027001,0.02699
1609196582865,0.02698900,0.02697,0.02698,0.02699000,0.02701,0.02699,0.02698900,0.027001,0.02699
1609196584535,0.02699500,0.02697,0.02699,0.02699600,0.02701,0.027,0.02699600,0.027001,0.02699
1609196586306,0.02699500,0.02697,0.02699,0.02699600,0.02701,0.027,0.02699500,0.027001,0.02699
1609196588089,0.02699800,0.02697,0.02699,0.02699900,0.02701,0.02701,0.02699900,0.027001,0.02699
1609196589801,0.02699800,0.02697,0.02699,0.02699900,0.02701,0.02701,0.02699900,0.027001,0.02699
1609196591539,0.02699800,0.02697,0.02699,0.02699900,0.02701,0.02701,0.02700000,0.027001,0.02699
1609196593259,0.02700300,0.02697,0.02699,0.02700400,0.02701,0.02701,0.02700400,0.027001,0.02699
1609196594957,0.02700500,0.02697,0.027,0.02700700,0.02701,0.02701,0.02701000,0.027001,0.02699
1609196596691,0.02700600,0.02697,0.02701,0.02701100,0.02701,0.02702,0.02701100,0.027001,0.02699
1609196598464,0.02700500,0.02698,0.027,0.02700600,0.02701,0.02702,0.02701100,0.027001,0.02699
1609196600173,0.02700200,0.02698,0.027,0.02700300,0.02701,0.02701,0.02700100,0.027001,0.02699
1609196601951,0.02700100,0.02698,0.027,0.02700200,0.02701,0.02701,0.02700100,0.027001,0.02699
1609196603695,0.02700100,0.02698,0.02699,0.02700200,0.02701,0.02701,0.02700100,0.027001,0.02699
1609196605376,0.02699400,0.02698,0.02699,0.02699500,0.02701,0.02701,0.02699400,0.027001,0.02699
1609196607139,0.02699300,0.02698,0.02699,0.02699400,0.02701,0.027,0.02699300,0.027001,0.02699
1609196608871,0.02699000,0.02697,0.02699,0.02699200,0.02701,0.027,0.02699200,0.027001,0.02699
1609196610696,0.02698700,0.02697,0.02699,0.02698800,0.02701,0.027,0.02698600,0.027001,0.02699
1609196612757,0.02697600,0.02697,0.02699,0.02697700,0.02701,0.027,0.02697600,0.027001,0.02699
1609196615033,0.02697500,0.02697,0.02697,0.02697600,0.02701,0.02698,0.02697600,0.027001,0.02699
1609196616829,0.02698300,0.02697,0.02697,0.02698600,0.02701,0.02698,0.02697900,0.027001,0.02699
1609196618955,0.02698800,0.02697,0.02699,0.02699000,0.027,0.027,0.02698700,0.027001,0.02699
1609196620679,0.02699100,0.02697,0.02699,0.02699200,0.027,0.027,0.02699200,0.027001,0.02699
1609196622395,0.02698800,0.02697,0.02699,0.02699200,0.027,0.027,0.02698800,0.027001,0.02699
1609196624119,0.02698300,0.02697,0.02699,0.02699000,0.02701,0.027,0.02698300,0.027001,0.02699
1609196625875,0.02698000,0.02697,0.02698,0.02698700,0.02701,0.027,0.02698700,0.027001,0.02699
1609196627618,0.02698300,0.02697,0.02698,0.02698900,0.027,0.027,0.02698700,0.027001,0.02699
1609196629371,0.02698900,0.02697,0.02699,0.02699000,0.027,0.027,0.02700900,0.027001,0.02699
1609196631114,0.02699600,0.02697,0.02699,0.02700300,0.027,0.027,0.02699600,0.027001,0.02699
1609196632823,0.02699800,0.02697,0.02699,0.02700300,0.027,0.027,0.02699600,0.027001,0.02699
1609196634985,0.02699400,0.02697,0.02699,0.02699600,0.02701,0.027,0.02699600,0.027001,0.02699
1609196637579,0.02699300,0.02697,0.02699,0.02699400,0.02701,0.027,0.02699400,0.027001,0.02699
1609196639338,0.02699400,0.02697,0.02699,0.02699500,0.02701,0.027,0.02699500,0.027001,0.02699
1609196641087,0.02699200,0.02697,0.02699,0.02699300,0.02701,0.027,0.02699500,0.027001,0.02699
1609196642814,0.02698900,0.02697,0.02699,0.02699000,0.02701,0.027,0.02698900,0.027001,0.02699
1609196644622,0.02697800,0.02697,0.02699,0.02698400,0.027,0.027,0.02698600,0.027001,0.02699
1609196646375,0.02698200,0.02697,0.02699,0.02698400,0.027,0.027,0.02698200,0.027001,0.02699
1609196648108,0.02698600,0.02697,0.02698,0.02698700,0.027,0.027,0.02698700,0.027001,0.02699
1609196649826,0.02699000,0.02697,0.02698,0.02699100,0.02699,0.027,0.02699000,0.027001,0.02699
1609196651542,0.02699300,0.02697,0.02698,0.02700400,0.02699,0.027,0.02699400,0.027001,0.02699
1609196653283,0.02699000,0.02697,0.02699,0.02699200,0.02699,0.027,0.02699000,0.027001,0.02699
1609196655013,0.02698900,0.02697,0.02699,0.02699000,0.02699,0.027,0.02699000,0.027001,0.02699
1609196656779,0.02699100,0.02697,0.02699,0.02699200,0.02699,0.027,0.02699200,0.027001,0.02699
1609196659010,0.02698900,0.02697,0.02698,0.02699400,0.02699,0.027,0.02699200,0.027001,0.02699
1609196660778,0.02699000,0.02697,0.02699,0.02699500,0.02699,0.027,0.02699500,0.027001,0.02699
1609196662545,0.02699200,0.02697,0.02699,0.02699600,0.02699,0.027,0.02699500,0.027001,0.02699
1609196664346,0.02699100,0.02697,0.02699,0.02699600,0.02699,0.027,0.02699600,0.027001,0.02699
1609196666112,0.02699400,0.02697,0.02699,0.02700100,0.027,0.027,0.02699600,0.027001,0.02699
1609196667870,0.02699400,0.02697,0.02699,0.02700100,0.027,0.027,0.02700100,0.027001,0.02699
1609196669615,0.02699400,0.02697,0.02699,0.02699700,0.027,0.027,0.02699600,0.027001,0.02699
1609196671378,0.02699400,0.02697,0.02699,0.02699600,0.027,0.02701,0.02699600,0.027001,0.02699
1609196673193,0.02700300,0.02697,0.02699,0.02700600,0.027,0.02701,0.02700400,0.027001,0.02699
1609196674878,0.02700300,0.02698,0.027,0.02700400,0.027,0.02702,0.02700300,0.027001,0.02699
1609196677634,0.02700600,0.02699,0.02701,0.02701100,0.02701,0.02702,0.02700300,0.027001,0.02699
1609196679422,0.02700400,0.02699,0.027,0.02701000,0.02701,0.02702,0.02700300,0.027001,0.02699
1609196681196,0.02700400,0.02698,0.027,0.02701000,0.02701,0.02702,0.02701000,0.027001,0.02699
1609196682995,0.02700200,0.02698,0.027,0.02700800,0.02701,0.02702,0.02700400,0.027001,0.02699
1609196684803,0.02700400,0.02698,0.027,0.02700900,0.02701,0.02701,0.02700400,0.027001,0.02699
1609196686595,0.02700400,0.02698,0.027,0.02700800,0.02701,0.02701,0.02700900,0.027001,0.02699
1609196688399,0.02700700,0.02698,0.027,0.02700800,0.02701,0.02702,0.02701000,0.027001,0.02699
1609196690243,0.02700900,0.02698,0.027,0.02701000,0.02701,0.02702,0.02701000,0.027001,0.02699
1609196693060,0.02700500,0.02699,0.027,0.02701000,0.02701,0.02702,0.02700500,0.027001,0.02699
1609196694793,0.02700400,0.02699,0.027,0.02700500,0.02701,0.02702,0.02700500,0.027001,0.02699
1609196696524,0.02700600,0.02698,0.027,0.02701000,0.02701,0.02702,0.02700500,0.027001,0.02699
1609196698217,0.02700400,0.02698,0.027,0.02701000,0.02701,0.02701,0.02700500,0.027001,0.02699
1609196699939,0.02700000,0.02698,0.027,0.02700600,0.02701,0.02701,0.02700600,0.027001,0.02699
1609196701685,0.02700200,0.02698,0.027,0.02700700,0.02701,0.02701,0.02700500,0.027001,0.02699
1609196703347,0.02700300,0.02698,0.027,0.02700700,0.02701,0.02701,0.02700500,0.027001,0.02699
1609196705029,0.02700200,0.02698,0.027,0.02700900,0.02701,0.02701,0.02700500,0.027001,0.02699
1609196706738,0.02700700,0.02698,0.027,0.02700800,0.02701,0.02701,0.02700800,0.027001,0.02699
1609196708412,0.02700700,0.02698,0.027,0.02700800,0.02701,0.02701,0.02700800,0.027001,0.02699
1609196710105,0.02700500,0.02698,0.027,0.02700800,0.02701,0.02701,0.02700700,0.027001,0.02699
1609196711858,0.02700400,0.02698,0.027,0.02700500,0.02701,0.02701,0.02700500,0.027001,0.02699
1609196713624,0.02700200,0.02698,0.027,0.02700300,0.02701,0.02701,0.02700200,0.027001,0.02699
1609196715663,0.02699800,0.02698,0.027,0.02699900,0.02701,0.02701,0.02700000,0.027001,0.02699
1609196717641,0.02699500,0.02698,0.02699,0.02699700,0.02701,0.02701,0.02699600,0.027001,0.02699
1609196719428,0.02699700,0.02698,0.02699,0.02700700,0.02701,0.02701,0.02700500,0.027001,0.02699
1609196721109,0.02700700,0.02698,0.02699,0.02700800,0.02701,0.02701,0.02700700,0.027001,0.02699
1609196722999,0.02700700,0.02698,0.027,0.02700800,0.02701,0.02701,0.02700700,0.027001,0.02699
1609196724769,0.02700500,0.02698,0.027,0.02700600,0.02701,0.02701,0.02700200,0.027001,0.02699
1609196726546,0.02699600,0.02698,0.027,0.02699700,0.02701,0.02701,0.02699500,0.027001,0.02699
1609196728447,0.02697600,0.02698,0.02699,0.02698000,0.02701,0.027,0.02697700,0.027001,0.02699
1609196730155,0.02696700,0.02697,0.02699,0.02697400,0.02699,0.027,0.02696800,0.027001,0.02699
1609196731827,0.02697100,0.02697,0.02697,0.02697200,0.02699,0.02698,0.02697000,0.027001,0.02699
1609196734003,0.02697100,0.02697,0.02697,0.02697200,0.02699,0.02698,0.02697000,0.027001,0.02699
1609196736077,0.02698000,0.02697,0.02697,0.02698100,0.02698,0.02698,0.02698100,0.027001,0.02699
1609196738110,0.02698600,0.02697,0.02698,0.02699400,0.02698,0.027,0.02698100,0.027001,0.02699
1609196740031,0.02698400,0.02697,0.02698,0.02699400,0.02698,0.02699,0.02698100,0.027001,0.02699
1609196741858,0.02698500,0.02697,0.02698,0.02699100,0.027,0.027,0.02699300,0.027001,0.02699
1609196743728,0.02699200,0.02697,0.02698,0.02699300,0.027,0.027,0.02699000,0.027001,0.02699
1609196746021,0.02699500,0.02697,0.02699,0.02699600,0.027,0.027,0.02699000,0.027001,0.02699
1609196747867,0.02699500,0.02697,0.02699,0.02699600,0.027,0.027,0.02699500,0.027001,0.02699
1609196749668,0.02699300,0.02697,0.02699,0.02699400,0.027,0.027,0.02699600,0.027001,0.02699
1609196751436,0.02699400,0.02697,0.02699,0.02699500,0.027,0.027,0.02699500,0.027001,0.02699
1609196753222,0.02699300,0.02697,0.02699,0.02699400,0.027,0.027,0.02699500,0.027001,0.02699
1609196755039,0.02699100,0.02697,0.02699,0.02699400,0.027,0.027,0.02698800,0.027001,0.02699
1609196756793,0.02698500,0.02697,0.02698,0.02698600,0.027,0.027,0.02698500,0.027001,0.02699
1609196758535,0.02698700,0.02697,0.02698,0.02698800,0.027,0.02699,0.02698700,0.027001,0.02699
1609196760294,0.02698900,0.02697,0.02698,0.02699200,0.027,0.027,0.02698900,0.027001,0.02696
1609196762105,0.02699000,0.02697,0.02698,0.02699100,0.027,0.027,0.02698600,0.027001,0.02696
1609196763856,0.02698400,0.02697,0.02698,0.02698500,0.027,0.02699,0.02698400,0.027001,0.02696
1609196765697,0.02697100,0.02697,0.02697,0.02697700,0.027,0.02698,0.02697700,0.027001,0.02696
1609196767463,0.02697300,0.02697,0.02697,0.02697900,0.027,0.02698,0.02698200,0.027001,0.02696
1609196769395,0.02697700,0.02697,0.02697,0.02698200,0.027,0.02698,0.02698200,0.027001,0.02696
1609196771283,0.02698100,0.02697,0.02697,0.02698500,0.02699,0.02698,0.02698100,0.027001,0.02696
1609196773128,0.02698100,0.02697,0.02698,0.02698600,0.02699,0.02699,0.02698600,0.027001,0.02696
1609196775000,0.02698200,0.02697,0.02698,0.02698700,0.02699,0.02699,0.02698700,0.027001,0.02696
1609196777034,0.02698900,0.02697,0.02699,0.02699000,0.02699,0.027,0.02698900,0.027001,0.02696
1609196779018,0.02698600,0.02697,0.02698,0.02698700,0.02699,0.02699,0.02698500,0.027001,0.02696
1609196780804,0.02698500,0.02697,0.02698,0.02698600,0.02699,0.02699,0.02698700,0.027001,0.02696
1609196782557,0.02698900,0.02697,0.02698,0.02699200,0.02699,0.02699,0.02699000,0.027001,0.02696
1609196784353,0.02698200,0.02697,0.02698,0.02698600,0.027,0.02699,0.02698600,0.027001,0.02696
1609196786280,0.02697800,0.02697,0.02698,0.02698100,0.027,0.02699,0.02697900,0.027001,0.02696
1609196789110,0.02697500,0.02697,0.02698,0.02697600,0.02699,0.02699,0.02697500,0.027001,0.02696
1609196790873,0.02697800,0.02697,0.02697,0.02697900,0.02699,0.02698,0.02697500,0.027001,0.02696
1609196792675,0.02697900,0.02697,0.02697,0.02698100,0.02699,0.02698,0.02697700,0.027001,0.02696
1609196794927,0.02697600,0.02697,0.02697,0.02698100,0.02699,0.02698,0.02697600,0.027001,0.02696
1609196796689,0.02697500,0.02697,0.02697,0.02698100,0.02699,0.02698,0.02698000,0.027001,0.02696
1609196798480,0.02697500,0.02697,0.02697,0.02698200,0.02699,0.02698,0.02697500,0.027001,0.02696
1609196800269,0.02697700,0.02697,0.02697,0.02699000,0.02699,0.02698,0.02699200,0.027001,0.02696
1609196802115,0.02699000,0.02697,0.02698,0.02699800,0.027,0.02699,0.02699200,0.027001,0.02696
1609196804015,0.02699000,0.02697,0.02698,0.02699500,0.027,0.02699,0.02698600,0.027001,0.02696
1609196805784,0.02698400,0.02697,0.02698,0.02698500,0.027,0.02699,0.02698400,0.027001,0.02696
1609196807628,0.02698400,0.02697,0.02698,0.02698600,0.027,0.02699,0.02698500,0.027001,0.02696
1609196809562,0.02698900,0.02697,0.02698,0.02699000,0.027,0.02699,0.02698900,0.026973,0.02696
1609196811359,0.02698700,0.02697,0.02698,0.02698800,0.027,0.02699,0.02698800,0.026973,0.02696
1609196813165,0.02697300,0.02697,0.02697,0.02698100,0.027,0.02698,0.02698800,0.026973,0.02696
1609196814959,0.02697000,0.02697,0.02697,0.02697700,0.02699,0.02698,0.02697700,0.026973,0.02696
1609196816758,0.02697300,0.02696,0.02697,0.02698000,0.02698,0.02698,0.02697800,0.026973,0.02696
1609196818549,0.02697800,0.02696,0.02697,0.02698100,0.02698,0.02698,0.02698100,0.026973,0.02696
1609196820333,0.02697000,0.02696,0.02697,0.02697300,0.02698,0.02698,0.02697000,0.026973,0.02696
1609196822143,0.02697000,0.02696,0.02697,0.02697100,0.02699,0.02698,0.02697000,0.026973,0.02696
1609196823927,0.02696400,0.02696,0.02696,0.02696700,0.02699,0.02698,0.02696600,0.026973,0.02696
1609196825701,0.02696200,0.02696,0.02696,0.02696300,0.02698,0.02697,0.02696600,0.026973,0.02696
1609196827595,0.02696200,0.02696,0.02696,0.02696300,0.02698,0.02697,0.02696300,0.026973,0.02696
1609196829397,0.02697100,0.02696,0.02696,0.02697200,0.02698,0.02697,0.02697200,0.026973,0.02696
1609196831225,0.02696600,0.02696,0.02696,0.02696700,0.02697,0.02697,0.02696900,0.026973,0.02696
1609196833079,0.02696200,0.02696,0.02696,0.02696700,0.02697,0.02697,0.02696900,0.026973,0.02696
1609196834967,0.02696300,0.02696,0.02696,0.02696800,0.02697,0.02697,0.02696900,0.026973,0.02696
1609196836773,0.02696400,0.02696,0.02696,0.02696500,0.02697,0.02697,0.02696400,0.026973,0.02696
1609196838549,0.02697000,0.02696,0.02696,0.02697100,0.02697,0.02697,0.02696400,0.026973,0.02696
1609196840330,0.02697200,0.02696,0.02697,0.02697500,0.02697,0.02698,0.02696400,0.026973,0.02696
1609196842238,0.02696500,0.02696,0.02696,0.02696900,0.02697,0.02697,0.02696400,0.026973,0.02696
1609196844032,0.02696900,0.02696,0.02696,0.02697000,0.02697,0.02697,0.02696500,0.026973,0.02696
1609196845937,0.02696400,0.02696,0.02696,0.02697200,0.02697,0.02697,0.02696300,0.026973,0.02696
1609196847731,0.02696900,0.02696,0.02696,0.02697700,0.02697,0.02697,0.02696900,0.026973,0.02696
1609196849631,0.02696900,0.02696,0.02696,0.02697200,0.02697,0.02697,0.02697200,0.026973,0.02696
1609196851456,0.02697200,0.02696,0.02696,0.02697300,0.02697,0.02697,0.02697800,0.026973,0.02696
1609196853286,0.02696300,0.02696,0.02696,0.02696500,0.02697,0.02697,0.02696300,0.026973,0.02696
1609196855658,0.02696300,0.02696,0.02696,0.02696400,0.02697,0.02697,0.02696300,0.026973,0.02696
1609196857915,0.02696500,0.02696,0.02696,0.02696800,0.02698,0.02697,0.02696300,0.026973,0.02696
1609196859766,0.02697100,0.02696,0.02696,0.02697200,0.02698,0.02697,0.02696300,0.026973,0.02696
1609196861596,0.02696500,0.02696,0.02696,0.02697100,0.02698,0.02697,0.02696500,0.026973,0.02696
1609196863420,0.02697100,0.02696,0.02696,0.02697200,0.02697,0.02697,0.02697400,0.026973,0.02696
1609196865375,0.02697400,0.02696,0.02696,0.02697500,0.02697,0.02697,0.02697500,0.026973,0.02696
1609196867186,0.02697700,0.02696,0.02696,0.02697900,0.02697,0.02698,0.02696800,0.026973,0.02696
1609196869075,0.02697800,0.02696,0.02696,0.02697900,0.02697,0.02698,0.02697800,0.026973,0.02696
1609196870919,0.02696900,0.02696,0.02696,0.02697400,0.02697,0.02698,0.02697500,0.026973,0.02696
1609196872745,0.02697600,0.02696,0.02696,0.02697700,0.02697,0.02698,0.02697500,0.026973,0.02696
1609196874595,0.02697700,0.02696,0.02696,0.02697800,0.02697,0.02698,0.02697500,0.026973,0.02696
1609196876371,0.02696900,0.02696,0.02696,0.02697700,0.02697,0.02698,0.02697700,0.026973,0.02696
1609196878787,0.02698300,0.02696,0.02696,0.02698500,0.02697,0.02698,0.02698600,0.026973,0.02696
1609196880715,0.02697300,0.02696,0.02696,0.02697800,0.02697,0.02698,0.02697900,0.026973,0.02698
1609196882656,0.02697000,0.02696,0.02696,0.02697100,0.02697,0.02697,0.02696700,0.026973,0.02698
1609196884492,0.02696700,0.02696,0.02696,0.02696900,0.02697,0.02697,0.02696900,0.026973,0.02698
1609196886343,0.02697000,0.02696,0.02696,0.02697100,0.02697,0.02697,0.02697200,0.026973,0.02698
1609196888192,0.02697100,0.02696,0.02696,0.02697400,0.02697,0.02697,0.02697300,0.026973,0.02698
1609196890160,0.02698300,0.02696,0.02696,0.02698400,0.02697,0.02698,0.02698400,0.026974,0.02698
1609196891946,0.02698100,0.02696,0.02697,0.02698300,0.02697,0.02699,0.02698300,0.026974,0.02698
1609196893857,0.02697300,0.02696,0.02697,0.02697700,0.02698,0.02699,0.02698200,0.026974,0.02698
1609196895689,0.02696100,0.02696,0.02697,0.02696600,0.02698,0.02699,0.02696600,0.026974,0.02698
1609196897503,0.02695800,0.02696,0.02695,0.02696300,0.02698,0.02696,0.02696500,0.026974,0.02698
1609196899301,0.02696200,0.02695,0.02695,0.02696600,0.02697,0.02696,0.02696500,0.026974,0.02698
1609196901298,0.02696300,0.02695,0.02695,0.02696800,0.02697,0.02696,0.02696500,0.026974,0.02698
1609196903220,0.02696100,0.02695,0.02695,0.02696700,0.02697,0.02696,0.02696500,0.026974,0.02698
1609196906408,0.02696500,0.02695,0.02695,0.02696600,0.02697,0.02697,0.02696500,0.026974,0.02698
1609196908397,0.02696200,0.02695,0.02695,0.02696400,0.02697,0.02697,0.02696300,0.026974,0.02698
1609196911114,0.02696500,0.02695,0.02695,0.02696600,0.02697,0.02697,0.02696400,0.026974,0.02698
1609196913288,0.02696300,0.02695,0.02695,0.02696400,0.02697,0.02697,0.02696400,0.026974,0.02698
1609196915567,0.02697000,0.02695,0.02695,0.02697200,0.02697,0.02697,0.02697200,0.026974,0.02698
1609196919216,0.02696900,0.02695,0.02695,0.02697300,0.02697,0.02697,0.02696800,0.026974,0.02698
1609196921312,0.02696800,0.02695,0.02695,0.02697000,0.02697,0.02697,0.02696800,0.026974,0.02698
1609196923258,0.02696800,0.02695,0.02697,0.02697200,0.02697,0.02698,0.02696800,0.026974,0.02698
1609196925375,0.02696800,0.02695,0.02697,0.02697300,0.02697,0.02698,0.02696700,0.026974,0.02698
1609196927529,0.02696900,0.02695,0.02697,0.02697200,0.02697,0.02698,0.02697200,0.026974,0.02698
1609196929554,0.02696900,0.02695,0.02697,0.02697200,0.02697,0.02698,0.02697200,0.026974,0.02698
1609196931498,0.02697100,0.02695,0.02697,0.02697200,0.02697,0.02698,0.02697200,0.026974,0.02698
1609196933377,0.02697100,0.02695,0.02697,0.02697200,0.02697,0.02698,0.02697200,0.026974,0.02698
1609196936700,0.02697100,0.02695,0.02697,0.02697200,0.02697,0.02698,0.02697200,0.026974,0.02698
1609196940125,0.02697100,0.02695,0.02696,0.02697200,0.02697,0.02698,0.02697200,0.026974,0.02698
1609196941967,0.02697100,0.02695,0.02696,0.02697200,0.02697,0.02698,0.02697100,0.026974,0.02698
1609196943899,0.02697000,0.02695,0.02696,0.02697200,0.02697,0.02698,0.02697200,0.026974,0.02698
1609196945743,0.02696300,0.02695,0.02696,0.02696900,0.02697,0.02698,0.02696600,0.026974,0.02698
1609196947830,0.02696500,0.02695,0.02695,0.02696600,0.02697,0.02697,0.02696900,0.026974,0.02698
1609196949789,0.02696700,0.02695,0.02695,0.02696800,0.02697,0.02697,0.02696700,0.026974,0.02698
1609196951872,0.02696700,0.02695,0.02696,0.02696800,0.02697,0.02697,0.02696700,0.026974,0.02698
1609196953774,0.02696500,0.02695,0.02696,0.02696800,0.02697,0.02697,0.02696700,0.026974,0.02698
1609196955668,0.02696700,0.02695,0.02696,0.02696800,0.02697,0.02697,0.02696700,0.026974,0.02698
1609196957557,0.02696300,0.02695,0.02696,0.02696700,0.02697,0.02697,0.02696800,0.026974,0.02698
1609196959490,0.02696300,0.02695,0.02696,0.02696600,0.02697,0.02697,0.02696600,0.026974,0.02698
1609196961399,0.02696200,0.02695,0.02696,0.02696600,0.02697,0.02697,0.02696700,0.026974,0.02698
1609196963388,0.02696100,0.02695,0.02696,0.02696200,0.02697,0.02697,0.02696200,0.026974,0.02698
1609196965302,0.02696700,0.02695,0.02696,0.02696800,0.02697,0.02697,0.02696200,0.026974,0.02698
1609196967256,0.02696700,0.02695,0.02696,0.02696800,0.02697,0.02697,0.02696200,0.026974,0.02698
1609196969117,0.02696900,0.02695,0.02696,0.02697000,0.02697,0.02697,0.02697100,0.026974,0.02698
1609196970996,0.02697000,0.02695,0.02696,0.02697100,0.02697,0.02697,0.02697100,0.026974,0.02698
1609196972908,0.02697000,0.02695,0.02697,0.02697100,0.02697,0.02698,0.02697100,0.026974,0.02698
1609196974847,0.02696400,0.02695,0.02697,0.02696900,0.02697,0.02698,0.02696800,0.026974,0.02698
1609196976706,0.02695700,0.02695,0.02696,0.02695800,0.02697,0.02697,0.02696100,0.026974,0.02698
1609196978588,0.02695900,0.02695,0.02696,0.02696000,0.02697,0.02697,0.02695900,0.026974,0.02698
1609196980938,0.02696200,0.02695,0.02696,0.02696300,0.02697,0.02697,0.02696200,0.026974,0.02698
1609196982815,0.02696600,0.02695,0.02696,0.02696700,0.02697,0.02697,0.02696700,0.026974,0.02698
1609196984748,0.02696600,0.02695,0.02696,0.02696700,0.02697,0.02697,0.02696700,0.026974,0.02698
1609196986704,0.02697000,0.02695,0.02696,0.02697100,0.02697,0.02697,0.02697000,0.026974,0.02698
1609196988686,0.02696800,0.02695,0.02697,0.02696900,0.02697,0.02698,0.02696800,0.026974,0.02698
1609196990607,0.02696700,0.02695,0.02697,0.02696800,0.02697,0.02698,0.02696900,0.026974,0.02698
1609196992499,0.02696900,0.02695,0.02697,0.02697000,0.02697,0.02698,0.02696900,0.026974,0.02698
1609196994478,0.02696900,0.02695,0.02697,0.02697000,0.02697,0.02698,0.02696900,0.026974,0.02698
1609196996478,0.02696600,0.02695,0.02697,0.02696700,0.02697,0.02698,0.02696900,0.026974,0.02698
1609196998397,0.02696600,0.02695,0.02697,0.02696700,0.02697,0.02698,0.02696600,0.026974,0.02698
1609197000295,0.02696700,0.02695,0.02697,0.02696800,0.02697,0.02698,0.02696700,0.026974,0.02698
1609197002331,0.02696700,0.02695,0.02697,0.02696800,0.02697,0.02698,0.02696800,0.026974,0.02698
1609197004265,0.02696600,0.02695,0.02697,0.02696700,0.02697,0.02698,0.02696800,0.026974,0.02698
1609197006207,0.02696800,0.02695,0.02697,0.02696900,0.02697,0.02698,0.02696800,0.026974,0.02698
1609197008151,0.02696300,0.02695,0.02697,0.02696700,0.02698,0.02698,0.02696300,0.026974,0.02698
1609197010070,0.02696000,0.02695,0.02697,0.02696100,0.02698,0.02698,0.02696100,0.026974,0.02698
1609197012002,0.02696100,0.02695,0.02697,0.02696200,0.02698,0.02698,0.02696100,0.026974,0.02698
1609197013984,0.02696100,0.02695,0.02697,0.02696200,0.02698,0.02698,0.02696100,0.026974,0.02698
1609197015931,0.02696000,0.02695,0.02697,0.02696100,0.02698,0.02698,0.02696100,0.026974,0.02698
1609197017942,0.02696100,0.02695,0.02697,0.02696200,0.02698,0.02698,0.02696200,0.026974,0.02698
1609197019979,0.02695800,0.02695,0.02697,0.02695900,0.02698,0.02698,0.02695900,0.026974,0.02698
1609197022032,0.02696000,0.02695,0.02697,0.02696100,0.02698,0.02698,0.02695900,0.026974,0.02698
1609197023964,0.02695600,0.02695,0.02697,0.02695700,0.02698,0.02698,0.02695600,0.026974,0.02698
1609197025913,0.02695500,0.02695,0.02697,0.02695600,0.02697,0.02698,0.02695600,0.026974,0.02698
1609197027817,0.02695500,0.02695,0.02697,0.02695600,0.02697,0.02698,0.02695600,0.026974,0.02698
1609197030595,0.02696100,0.02695,0.02697,0.02696200,0.02697,0.02698,0.02695600,0.026974,0.02698
1609197034133,0.02696400,0.02695,0.02697,0.02696500,0.02697,0.02698,0.02696700,0.026974,0.02698
1609197036802,0.02696800,0.02695,0.02697,0.02696900,0.02697,0.02698,0.02696800,0.026974,0.02698
1609197039195,0.02696200,0.02695,0.02697,0.02696300,0.02697,0.02698,0.02696800,0.026974,0.02698
1609197041460,0.02696200,0.02695,0.02697,0.02696300,0.02698,0.02698,0.02696200,0.026974,0.02698
1609197044954,0.02696000,0.02695,0.02697,0.02696100,0.02698,0.02698,0.02696000,0.026974,0.02698
1609197047457,0.02695800,0.02695,0.02697,0.02695900,0.02698,0.02698,0.02695800,0.026974,0.02698
1609197050318,0.02696000,0.02695,0.02697,0.02696100,0.02698,0.02698,0.02696100,0.026974,0.02698
1609197052268,0.02696100,0.02695,0.02697,0.02696200,0.02698,0.02698,0.02696100,0.026974,0.02698
1609197054182,0.02696200,0.02693,0.02697,0.02696300,0.02697,0.02698,0.02696100,0.026974,0.02698
1609197056370,0.02696200,0.02693,0.02697,0.02696300,0.02698,0.02698,0.02696300,0.026974,0.02698
1609197058300,0.02696500,0.02693,0.02697,0.02696600,0.02698,0.02698,0.02696300,0.026974,0.02698
1609197060225,0.02697200,0.02694,0.02697,0.02697300,0.02698,0.02698,0.02697600,0.026974,0.02694
1609197062278,0.02695900,0.02693,0.02696,0.02696400,0.02698,0.02698,0.02697400,0.026974,0.02694
1609197064287,0.02695800,0.02693,0.02696,0.02696600,0.02698,0.02697,0.02696200,0.026974,0.02694
1609197066267,0.02696400,0.02694,0.02696,0.02697200,0.02697,0.02697,0.02696400,0.026974,0.02694
1609197068372,0.02695700,0.02694,0.02696,0.02695800,0.02697,0.02697,0.02696400,0.026974,0.02694
1609197070358,0.02695500,0.02694,0.02696,0.02695600,0.02697,0.02697,0.02696400,0.026974,0.02694
1609197072444,0.02695500,0.02694,0.02695,0.02695700,0.02697,0.02697,0.02695600,0.026974,0.02694
1609197074400,0.02695600,0.02693,0.02695,0.02695700,0.02697,0.02697,0.02695600,0.026974,0.02694
1609197076382,0.02695600,0.02693,0.02696,0.02695700,0.02697,0.02697,0.02695600,0.026974,0.02694
1609197078402,0.02695500,0.02693,0.02696,0.02695600,0.02696,0.02697,0.02695500,0.026974,0.02694
1609197080548,0.02695700,0.02693,0.02695,0.02695800,0.02696,0.02697,0.02695500,0.026974,0.02694
1609197083358,0.02695700,0.02693,0.02696,0.02696400,0.02696,0.02697,0.02696400,0.026974,0.02694
1609197085664,0.02696300,0.02693,0.02696,0.02696400,0.02697,0.02697,0.02696400,0.026974,0.02694
1609197087877,0.02695800,0.02693,0.02696,0.02696800,0.02697,0.02697,0.02697000,0.026974,0.02694
1609197090220,0.02695900,0.02694,0.02696,0.02696500,0.02697,0.02697,0.02696600,0.026974,0.02694
1609197092425,0.02695400,0.02694,0.02696,0.02696100,0.02697,0.02697,0.02695600,0.026974,0.02694
1609197094884,0.02694600,0.02694,0.02695,0.02694700,0.02697,0.02697,0.02694600,0.026974,0.02694
1609197097156,0.02694400,0.02694,0.02695,0.02694600,0.02697,0.02697,0.02694400,0.026974,0.02694
1609197099775,0.02694300,0.02693,0.02694,0.02694400,0.02696,0.02696,0.02694600,0.026974,0.02694
1609197101723,0.02694300,0.02693,0.02694,0.02694400,0.02696,0.02696,0.02694600,0.026974,0.02694
1609197103687,0.02693800,0.02693,0.02694,0.02694200,0.02696,0.02696,0.02694200,0.026974,0.02694
1609197105834,0.02693800,0.02693,0.02694,0.02694300,0.02696,0.02695,0.02694300,0.026974,0.02694
1609197108600,0.02693600,0.02693,0.02694,0.02694200,0.02696,0.02695,0.02694200,0.026974,0.02694
1609197111265,0.02694600,0.02693,0.02694,0.02694700,0.02696,0.02695,0.02694200,0.026974,0.02694
1609197114304,0.02695100,0.02692,0.02695,0.02695200,0.02694,0.02696,0.02695000,0.026974,0.02694
1609197117561,0.02694600,0.02692,0.02695,0.02695200,0.02694,0.02696,0.02695000,0.026974,0.02694
1609197119391,0.02695100,0.02692,0.02695,0.02695200,0.02694,0.02696,0.02695200,0.026974,0.02694
1609197121180,0.02694700,0.02692,0.02695,0.02695400,0.02694,0.02696,0.02694700,0.026974,0.02694
1609197123198,0.02694800,0.02692,0.02695,0.02694900,0.02694,0.02696,0.02694400,0.026974,0.02694
1609197125032,0.02694400,0.02692,0.02695,0.02694500,0.02694,0.02696,0.02694500,0.026974,0.02694
1609197126856,0.02694300,0.02692,0.02694,0.02695000,0.02694,0.02695,0.02694400,0.026974,0.02694
1609197128725,0.02694500,0.02692,0.02694,0.02694600,0.02694,0.02695,0.02694500,0.026974,0.02694
1609197130572,0.02694900,0.02692,0.02694,0.02695000,0.02694,0.02695,0.02695000,0.026974,0.02694
1609197133856,0.02694700,0.02692,0.02694,0.02695000,0.02694,0.02695,0.02694900,0.026974,0.02694
1609197136457,0.02694500,0.02692,0.02695,0.02694700,0.02694,0.02696,0.02694900,0.026974,0.02694
1609197139466,0.02694600,0.02692,0.02695,0.02695000,0.02694,0.02696,0.02694900,0.026974,0.02694
1609197142504,0.02694700,0.02692,0.02695,0.02694800,0.02696,0.02696,0.02694700,0.026974,0.02694
1609197144978,0.02694600,0.02692,0.02695,0.02694900,0.02696,0.02696,0.02694900,0.026974,0.02694
1609197147084,0.02695300,0.02692,0.02695,0.02695500,0.02696,0.02696,0.02694900,0.026974,0.02694
1609197149403,0.02694900,0.02692,0.02695,0.02695500,0.02696,0.02696,0.02694900,0.026974,0.02694
1609197152313,0.02695000,0.02693,0.02695,0.02696100,0.02696,0.02696,0.02694900,0.026974,0.02694
1609197154782,0.02695500,0.02693,0.02695,0.02695800,0.02697,0.02698,0.02694900,0.026974,0.02694
1609197156611,0.02695100,0.02693,0.02695,0.02695900,0.02697,0.02696,0.02694900,0.026974,0.02694
1609197158424,0.02695100,0.02693,0.02695,0.02695800,0.02697,0.02696,0.02695900,0.026974,0.02694
1609197161441,0.02694900,0.02693,0.02694,0.02695700,0.02696,0.02696,0.02695900,0.026974,0.02694
1609197163264,0.02694900,0.02693,0.02695,0.02695600,0.02696,0.02696,0.02695900,0.026974,0.02694
1609197165102,0.02694900,0.02693,0.02695,0.02695600,0.02696,0.02696,0.02695600,0.026974,0.02694
1609197167413,0.02695100,0.02693,0.02695,0.02695700,0.02697,0.02696,0.02695700,0.026974,0.02694
1609197169673,0.02695000,0.02693,0.02695,0.02695100,0.02697,0.02696,0.02695100,0.026974,0.02694
1609197172684,0.02695100,0.02693,0.02694,0.02695200,0.02697,0.02696,0.02695200,0.026974,0.02694
1609197175042,0.02694800,0.02693,0.02694,0.02694900,0.02696,0.02695,0.02694900,0.026974,0.02694
1609197177848,0.02694600,0.02693,0.02694,0.02694900,0.02696,0.02696,0.02694600,0.026974,0.02694
1609197179759,0.02694600,0.02693,0.02694,0.02695000,0.02696,0.02695,0.02695000,0.026974,0.02694
1609197181918,0.02694300,0.02693,0.02694,0.02694900,0.02696,0.02695,0.02694800,0.026974,0.02694
1609197183973,0.02694700,0.02692,0.02694,0.02694800,0.02695,0.02695,0.02694700,0.026974,0.02694
1609197186002,0.02694700,0.02692,0.02694,0.02694800,0.02695,0.02695,0.02694700,0.026974,0.02694
1609197187930,0.02694000,0.02692,0.02694,0.02694300,0.02695,0.02695,0.02694300,0.026974,0.02694
1609197189967,0.02694400,0.02692,0.02694,0.02694500,0.02695,0.02695,0.02694400,0.026974,0.02694
1609197191944,0.02694300,0.02692,0.02694,0.02694400,0.02695,0.02695,0.02694400,0.026974,0.02694
1609197193964,0.02694400,0.02692,0.02694,0.02694500,0.02695,0.02695,0.02694400,0.026974,0.02694
1609197195929,0.02694400,0.02692,0.02694,0.02694500,0.02695,0.02695,0.02694500,0.026974,0.02694
1609197197928,0.02694600,0.02692,0.02694,0.02694700,0.02695,0.02695,0.02694600,0.026974,0.02694
1609197199823,0.02695000,0.02692,0.02694,0.02695100,0.02695,0.02695,0.02695100,0.026974,0.02694
1609197201748,0.02694700,0.02692,0.02695,0.02695100,0.02695,0.02696,0.02695100,0.026974,0.02694
1609197203728,0.02693800,0.02692,0.02695,0.02693900,0.02695,0.02696,0.02693800,0.026974,0.02694
1609197205623,0.02693900,0.02692,0.02693,0.02694400,0.02695,0.02696,0.02694000,0.026974,0.02694
1609197207575,0.02693900,0.02692,0.02693,0.02694300,0.02695,0.02696,0.02694400,0.026974,0.02694
1609197209523,0.02694200,0.02692,0.02694,0.02694800,0.02695,0.02696,0.02694800,0.026974,0.02694
1609197211490,0.02695200,0.02692,0.02695,0.02695800,0.02695,0.02697,0.02694700,0.026974,0.02694
1609197213539,0.02694800,0.02692,0.02695,0.02695600,0.02695,0.02696,0.02695700,0.026974,0.02694
1609197215587,0.02694800,0.02692,0.02695,0.02694900,0.02695,0.02696,0.02695600,0.026974,0.02694
1609197217643,0.02694700,0.02692,0.02695,0.02694800,0.02695,0.02696,0.02694700,0.026974,0.02694
1609197219880,0.02693800,0.02692,0.02695,0.02693900,0.02695,0.02696,0.02693900,0.026974,0.02694
1609197222797,0.02694300,0.02692,0.02695,0.02694400,0.02695,0.02696,0.02694400,0.026974,0.02694
1609197225677,0.02694400,0.02692,0.02695,0.02694500,0.02695,0.02696,0.02694500,0.026974,0.02694
1609197229073,0.02694500,0.02692,0.02695,0.02694600,0.02695,0.02696,0.02694800,0.026974,0.02694
1609197231668,0.02694900,0.02692,0.02695,0.02695700,0.02695,0.02697,0.02694800,0.026974,0.02694
1609197235731,0.02694700,0.02692,0.02695,0.02695100,0.02695,0.02696,0.02695100,0.026974,0.02694
1609197240353,0.02694300,0.02692,0.02695,0.02694400,0.02695,0.02696,0.02694400,0.026974,0.02693
1609197243420,0.02695700,0.02692,0.02695,0.02695800,0.02695,0.02697,0.02695700,0.026974,0.02693
1609197245989,0.02695100,0.02692,0.02695,0.02695400,0.02695,0.02698,0.02695500,0.026974,0.02693
1609197248049,0.02695100,0.02692,0.02696,0.02695300,0.02695,0.02697,0.02695400,0.026974,0.02693
1609197250101,0.02695400,0.02692,0.02696,0.02695800,0.02695,0.02697,0.02695400,0.026974,0.02693
1609197252810,0.02695400,0.02693,0.02696,0.02695700,0.02695,0.02697,0.02695700,0.026974,0.02693
1609197255466,0.02695500,0.02693,0.02695,0.02695600,0.02695,0.02697,0.02695700,0.026974,0.02693
1609197257633,0.02695500,0.02693,0.02695,0.02695600,0.02695,0.02697,0.02695700,0.026974,0.02693
1609197260101,0.02695500,0.02693,0.02696,0.02695600,0.02695,0.02697,0.02695600,0.026974,0.02693
1609197262092,0.02695500,0.02693,0.02696,0.02695600,0.02695,0.02697,0.02695600,0.026974,0.02693
1609197264141,0.02695700,0.02693,0.02696,0.02695800,0.02695,0.02697,0.02695800,0.026974,0.02693
1609197266138,0.02695700,0.02693,0.02696,0.02695800,0.02695,0.02697,0.02695700,0.026974,0.02693
1609197268193,0.02695700,0.02693,0.02696,0.02695800,0.02695,0.02697,0.02695800,0.026974,0.02693
1609197270110,0.02695700,0.02693,0.02696,0.02695800,0.02695,0.02697,0.02695800,0.026974,0.02693
1609197272131,0.02695700,0.02693,0.02696,0.02695800,0.02695,0.02698,0.02696100,0.026974,0.02693
1609197274064,0.02696100,0.02693,0.02696,0.02696200,0.02695,0.02698,0.02696100,0.026974,0.02693
1609197276070,0.02696100,0.02693,0.02697,0.02696200,0.02695,0.02698,0.02696500,0.02695,0.02693
1609197278149,0.02696500,0.02693,0.02697,0.02696700,0.02695,0.02698,0.02696500,0.02695,0.02693
1609197280086,0.02696600,0.02693,0.02697,0.02696800,0.02695,0.02698,0.02696700,0.02695,0.02693
1609197282582,0.02696700,0.02694,0.02697,0.02696800,0.02695,0.02698,0.02696700,0.02695,0.02693
1609197284513,0.02695400,0.02694,0.02697,0.02695500,0.02695,0.02698,0.02695500,0.02695,0.02693
1609197286526,0.02695800,0.02694,0.02696,0.02695900,0.02695,0.02697,0.02695800,0.02695,0.02693
1609197288921,0.02696000,0.02694,0.02696,0.02696100,0.02695,0.02697,0.02695800,0.02695,0.02693
1609197291157,0.02696000,0.02694,0.02696,0.02696100,0.02695,0.02697,0.02696100,0.02695,0.02693
1609197293627,0.02695700,0.02694,0.02696,0.02695800,0.02695,0.02697,0.02695800,0.02695,0.02693
1609197295675,0.02695400,0.02694,0.02696,0.02695700,0.02695,0.02697,0.02695700,0.02695,0.02693
1609197297615,0.02695600,0.02694,0.02695,0.02695700,0.02695,0.02697,0.02695700,0.02695,0.02693
1609197299469,0.02693500,0.02694,0.02695,0.02694300,0.02695,0.02697,0.02693500,0.02695,0.02693
1609197301355,0.02693500,0.02694,0.02695,0.02693600,0.02695,0.02696,0.02693300,0.02695,0.02693
1609197303243,0.02693300,0.02692,0.02693,0.02693500,0.02695,0.02695,0.02693600,0.02695,0.02693
1609197305186,0.02693800,0.02692,0.02693,0.02694400,0.02695,0.02695,0.02693800,0.02695,0.02693
1609197307015,0.02694500,0.02692,0.02694,0.02694600,0.02695,0.02697,0.02695200,0.02695,0.02693
1609197309673,0.02694300,0.02692,0.02695,0.02694600,0.02695,0.02696,0.02694500,0.02695,0.02693
1609197312669,0.02694400,0.02692,0.02695,0.02694700,0.02695,0.02696,0.02694700,0.02695,0.02693
1609197314607,0.02693500,0.02692,0.02695,0.02694000,0.02695,0.02696,0.02694300,0.02695,0.02693
1609197317396,0.02693400,0.02692,0.02693,0.02693500,0.02695,0.02694,0.02693500,0.02695,0.02693
1609197319423,0.02693900,0.02692,0.02693,0.02694000,0.02695,0.02696,0.02693900,0.02695,0.02693
1609197321250,0.02693900,0.02692,0.02693,0.02694000,0.02695,0.02696,0.02694000,0.02695,0.02693
1609197323312,0.02693900,0.02692,0.02693,0.02694000,0.02695,0.02696,0.02694000,0.02695,0.02693
1609197325398,0.02693400,0.02692,0.02693,0.02693600,0.02695,0.02694,0.02693500,0.02695,0.02693
1609197327677,0.02693800,0.02692,0.02693,0.02693900,0.02695,0.02695,0.02693900,0.02695,0.02693
1609197329577,0.02693400,0.02692,0.02693,0.02693600,0.02695,0.02694,0.02693700,0.02695,0.02693
1609197331489,0.02693300,0.02692,0.02693,0.02693400,0.02695,0.02694,0.02693300,0.02695,0.02693
1609197333336,0.02693200,0.02692,0.02693,0.02693300,0.02695,0.02694,0.02693300,0.02695,0.02693
1609197335179,0.02693700,0.02692,0.02693,0.02693900,0.02695,0.02694,0.02693800,0.02695,0.02693
1609197337096,0.02693800,0.02692,0.02693,0.02693900,0.02695,0.02694,0.02693900,0.02695,0.02693
1609197339009,0.02693700,0.02692,0.02694,0.02693900,0.02695,0.02695,0.02693800,0.02695,0.02693
1609197341317,0.02693700,0.02692,0.02694,0.02693800,0.02695,0.02695,0.02693800,0.02695,0.02693
1609197343380,0.02693700,0.02692,0.02694,0.02693900,0.02695,0.02695,0.02693900,0.02695,0.02693
1609197345333,0.02693900,0.02692,0.02694,0.02694400,0.02695,0.02695,0.02693900,0.02695,0.02693
1609197347154,0.02693100,0.02692,0.02694,0.02693700,0.02695,0.02695,0.02692800,0.02695,0.02693
1609197348998,0.02692900,0.02692,0.02694,0.02693100,0.02695,0.02695,0.02692600,0.02695,0.02693
1609197350856,0.02692700,0.02692,0.02693,0.02692800,0.02694,0.02695,0.02692900,0.02695,0.02693
1609197352669,0.02692400,0.02692,0.02693,0.02692700,0.02694,0.02695,0.02692600,0.026937,0.02693
1609197354547,0.02693300,0.02692,0.02694,0.02693900,0.02694,0.02695,0.02694000,0.026937,0.02693
1609197356434,0.02694500,0.02692,0.02695,0.02694600,0.02695,0.02696,0.02695200,0.026937,0.02693
1609197358251,0.02694900,0.02692,0.02695,0.02695400,0.02695,0.02696,0.02695400,0.026937,0.02693
1609197360072,0.02695300,0.02692,0.02696,0.02695400,0.02695,0.02697,0.02695300,0.026937,0.02698
1609197361935,0.02695200,0.02692,0.02696,0.02695300,0.02695,0.02697,0.02695300,0.026937,0.02698
1609197363716,0.02695200,0.02693,0.02696,0.02695500,0.02695,0.02697,0.02695500,0.026937,0.02698
1609197365674,0.02694100,0.02693,0.02696,0.02694400,0.02695,0.02697,0.02694200,0.026937,0.02698
1609197367529,0.02694500,0.02693,0.02695,0.02694600,0.02695,0.02696,0.02694400,0.026937,0.02698
1609197369358,0.02695400,0.02693,0.02696,0.02695900,0.02695,0.02697,0.02695800,0.026937,0.02698
1609197371766,0.02696000,0.02693,0.02696,0.02696400,0.02695,0.02697,0.02696400,0.026937,0.02698
1609197373658,0.02695800,0.02693,0.02696,0.02696000,0.02695,0.02698,0.02696000,0.026937,0.02698
1609197377249,0.02695900,0.02694,0.02696,0.02696000,0.02695,0.02698,0.02695900,0.026937,0.02698
1609197379534,0.02695500,0.02694,0.02696,0.02696200,0.02695,0.02697,0.02696100,0.026937,0.02698
1609197381644,0.02695900,0.02694,0.02697,0.02696400,0.02695,0.02698,0.02696100,0.026937,0.02698
1609197383610,0.02696000,0.02694,0.02697,0.02696100,0.02695,0.02698,0.02696500,0.026937,0.02698
1609197385744,0.02696400,0.02694,0.02697,0.02696500,0.02695,0.02698,0.02696500,0.026937,0.02698
1609197387798,0.02696200,0.02694,0.02697,0.02696300,0.02695,0.02698,0.02696200,0.026937,0.02698
1609197389750,0.02696300,0.02694,0.02697,0.02696400,0.02695,0.02698,0.02696400,0.026937,0.02698
1609197391753,0.02696100,0.02694,0.02697,0.02696200,0.02695,0.02698,0.02696100,0.026937,0.02698
1609197393797,0.02696400,0.02694,0.02697,0.02696500,0.02695,0.02698,0.02696500,0.026937,0.02698
1609197395811,0.02696100,0.02694,0.02697,0.02697000,0.02695,0.02698,0.02696500,0.02695,0.02698
1609197397939,0.02697100,0.02694,0.02698,0.02697200,0.02695,0.02699,0.02697000,0.02695,0.02698
1609197399945,0.02697000,0.02694,0.02698,0.02697100,0.02695,0.02699,0.02697000,0.02695,0.02698
1609197402265,0.02695900,0.02694,0.02698,0.02696300,0.02695,0.02699,0.02696300,0.02695,0.02698
1609197404686,0.02695400,0.02694,0.02698,0.02695500,0.02695,0.02699,0.02695500,0.02695,0.02698
1609197406648,0.02695600,0.02694,0.02698,0.02696200,0.02695,0.02699,0.02695700,0.02695,0.02698
1609197408681,0.02695600,0.02694,0.02697,0.02695800,0.02695,0.02698,0.02695600,0.02695,0.02698
1609197410648,0.02695400,0.02693,0.02697,0.02695600,0.02695,0.02698,0.02695500,0.02695,0.02698
1609197413210,0.02695500,0.02693,0.02697,0.02696100,0.02695,0.02698,0.02695500,0.02695,0.02698
1609197415278,0.02696000,0.02693,0.02696,0.02696200,0.02695,0.02697,0.02696200,0.02695,0.02698
1609197417288,0.02695700,0.02693,0.02696,0.02695900,0.02695,0.02698,0.02695900,0.02695,0.02698
1609197419163,0.02695800,0.02693,0.02696,0.02696300,0.02695,0.02697,0.02695800,0.02695,0.02698
1609197421549,0.02695400,0.02693,0.02696,0.02695900,0.02695,0.02697,0.02696000,0.02695,0.02698
1609197423481,0.02695000,0.02693,0.02696,0.02695500,0.02695,0.02697,0.02695000,0.02695,0.02698
1609197425747,0.02695300,0.02693,0.02696,0.02695800,0.02695,0.02697,0.02695800,0.02695,0.02698
1609197427626,0.02695200,0.02693,0.02696,0.02695800,0.02695,0.02697,0.02695800,0.02695,0.02698
1609197429507,0.02695100,0.02693,0.02696,0.02695700,0.02695,0.02697,0.02695800,0.02695,0.02698
1609197431732,0.02695400,0.02693,0.02696,0.02695900,0.02695,0.02697,0.02695800,0.02695,0.02698
1609197433802,0.02695800,0.02693,0.02696,0.02695900,0.02695,0.02697,0.02695800,0.02695,0.02698
1609197435867,0.02695800,0.02693,0.02696,0.02695900,0.02695,0.02698,0.02695900,0.02695,0.02698
1609197437894,0.02695800,0.02693,0.02696,0.02696800,0.02695,0.02698,0.02696100,0.02695,0.02698
1609197439943,0.02696000,0.02693,0.02697,0.02696700,0.02695,0.02698,0.02696000,0.02695,0.02698
1609197442078,0.02696200,0.02693,0.02696,0.02696800,0.02695,0.02698,0.02696800,0.02695,0.02698
1609197444123,0.02696600,0.02693,0.02697,0.02696700,0.02695,0.02698,0.02696600,0.02695,0.02698
1609197446314,0.02696600,0.02693,0.02697,0.02696700,0.02695,0.02698,0.02696400,0.02695,0.02698
1609197448364,0.02696200,0.02693,0.02697,0.02696300,0.02695,0.02698,0.02696200,0.02695,0.02698
1609197450377,0.02696000,0.02694,0.02697,0.02696100,0.02695,0.02698,0.02696200,0.02695,0.02698
1609197452434,0.02696200,0.02694,0.02696,0.02696300,0.02695,0.02697,0.02696400,0.02695,0.02698
1609197454468,0.02695600,0.02694,0.02696,0.02696200,0.02695,0.02697,0.02696500,0.02695,0.02698
1609197456419,0.02694800,0.02694,0.02696,0.02696300,0.02695,0.02697,0.02696500,0.02695,0.02698
1609197458418,0.02694800,0.02694,0.02696,0.02695700,0.02695,0.02697,0.02694800,0.02695,0.02698
1609197460529,0.02695200,0.02694,0.02696,0.02695300,0.02695,0.02697,0.02695000,0.02695,0.02698
1609197462682,0.02694600,0.02694,0.02695,0.02694700,0.02695,0.02696,0.02694700,0.02695,0.02698
1609197464704,0.02695200,0.02694,0.02695,0.02695400,0.02695,0.02696,0.02695200,0.02695,0.02698
1609197467168,0.02696000,0.02694,0.02695,0.02696600,0.02695,0.02696,0.02696600,0.02695,0.02698
1609197469220,0.02696500,0.02694,0.02696,0.02696600,0.02695,0.02698,0.02696600,0.02695,0.02698
1609197471480,0.02696300,0.02694,0.02696,0.02696400,0.02695,0.02698,0.02696200,0.02695,0.02698
1609197473540,0.02696400,0.02694,0.02696,0.02696600,0.02695,0.02698,0.02696200,0.02695,0.02698
1609197475577,0.02696300,0.02694,0.02696,0.02696600,0.02695,0.02698,0.02696400,0.02695,0.02698
1609197477643,0.02696600,0.02694,0.02696,0.02696700,0.02695,0.02698,0.02696700,0.02695,0.02698
1609197479644,0.02696700,0.02694,0.02696,0.02696800,0.02695,0.02698,0.02696800,0.02695,0.02698
1609197481730,0.02696700,0.02694,0.02696,0.02696800,0.02695,0.02698,0.02696800,0.02695,0.02698
1609197483702,0.02696200,0.02694,0.02696,0.02696300,0.02695,0.02697,0.02696400,0.02695,0.02698
1609197485685,0.02696800,0.02694,0.02696,0.02696900,0.02695,0.02697,0.02696900,0.02695,0.02698
1609197488094,0.02696400,0.02694,0.02696,0.02696900,0.02695,0.02698,0.02696800,0.02695,0.02698
1609197490166,0.02696400,0.02694,0.02696,0.02697000,0.02695,0.02698,0.02696800,0.02695,0.02698
1609197492241,0.02696400,0.02694,0.02696,0.02697000,0.02695,0.02698,0.02696800,0.02695,0.02698
1609197494216,0.02696400,0.02694,0.02696,0.02697000,0.02695,0.02698,0.02697000,0.02695,0.02698
1609197496234,0.02696200,0.02694,0.02696,0.02696900,0.02695,0.02698,0.02697000,0.02695,0.02698
1609197498384,0.02696200,0.02694,0.02696,0.02696300,0.02695,0.02698,0.02696200,0.02695,0.02698
1609197501207,0.02696300,0.02694,0.02696,0.02696500,0.02695,0.02698,0.02696500,0.02695,0.02698
1609197503351,0.02696400,0.02694,0.02696,0.02696500,0.02695,0.02698,0.02696600,0.02695,0.02698
1609197505349,0.02696500,0.02694,0.02697,0.02696600,0.02695,0.02698,0.02696500,0.02695,0.02698
1609197507393,0.02696800,0.02694,0.02697,0.02696900,0.02695,0.02698,0.02697000,0.02695,0.02698
1609197509909,0.02696900,0.02694,0.02697,0.02697000,0.02695,0.02698,0.02697000,0.02695,0.02698
1609197511954,0.02697000,0.02694,0.02697,0.02697100,0.02695,0.02698,0.02697100,0.02695,0.02698
1609197514062,0.02696100,0.02694,0.02697,0.02696200,0.02695,0.02698,0.02697100,0.02695,0.02698
1609197516140,0.02696300,0.02694,0.02696,0.02696900,0.02695,0.02698,0.02697000,0.02695,0.02698
1609197518264,0.02697000,0.02694,0.02696,0.02697100,0.02695,0.02698,0.02697200,0.02695,0.02698
1609197520263,0.02697000,0.02694,0.02697,0.02697200,0.02695,0.02698,0.02697200,0.02695,0.02698
1609197522287,0.02697200,0.02694,0.02697,0.02697300,0.02695,0.02698,0.02697200,0.02695,0.02698
1609197524359,0.02697200,0.02694,0.02697,0.02697300,0.02695,0.02698,0.02697300,0.02695,0.02698
1609197526832,0.02697400,0.02694,0.02697,0.02697500,0.02695,0.02698,0.02697500,0.02695,0.02698
1609197528870,0.02697400,0.02694,0.02697,0.02697500,0.02695,0.02698,0.02697500,0.02695,0.02698
1609197530936,0.02697400,0.02695,0.02697,0.02697500,0.02697,0.02698,0.02697500,0.02695,0.02698
1609197532970,0.02697500,0.02695,0.02697,0.02697700,0.02697,0.02699,0.02697600,0.02695,0.02698
1609197535085,0.02697600,0.02695,0.02697,0.02697700,0.02697,0.02699,0.02697800,0.02695,0.02698
1609197537191,0.02698100,0.02695,0.02697,0.02698200,0.02697,0.02699,0.02698200,0.02695,0.02698
1609197539296,0.02699300,0.02695,0.02699,0.02699400,0.02697,0.02701,0.02699400,0.02695,0.02698
1609197541306,0.02699300,0.02697,0.027,0.02699400,0.02699,0.02701,0.02699400,0.02695,0.02698
1609197543895,0.02699500,0.02697,0.027,0.02699600,0.02699,0.02701,0.02699600,0.02695,0.02698
1609197546626,0.02699700,0.02697,0.02699,0.02699800,0.02699,0.02701,0.02699800,0.02695,0.02698
1609197548971,0.02699500,0.02697,0.02699,0.02699800,0.02699,0.02701,0.02699800,0.02695,0.02698
1609197551350,0.02700200,0.02697,0.027,0.02700300,0.02699,0.02701,0.02700600,0.02695,0.02698
1609197553513,0.02700100,0.02698,0.02701,0.02700200,0.02699,0.02702,0.02699900,0.02695,0.02698
1609197555472,0.02700300,0.02698,0.02701,0.02700400,0.02699,0.02702,0.02700600,0.02695,0.02698
1609197557463,0.02700500,0.02698,0.02701,0.02700600,0.02699,0.02702,0.02700600,0.02695,0.02698
1609197559567,0.02700400,0.02698,0.027,0.02700500,0.027,0.02703,0.02700500,0.02695,0.02698
1609197561586,0.02700000,0.02698,0.027,0.02700100,0.027,0.02701,0.02700100,0.026989,0.02698
1609197563640,0.02700400,0.02698,0.027,0.02700500,0.027,0.02701,0.02700500,0.026989,0.02698
1609197565752,0.02700200,0.02699,0.02702,0.02700300,0.027,0.02703,0.02700200,0.026989,0.02698
1609197567844,0.02700100,0.02699,0.02702,0.02700300,0.027,0.02703,0.02700300,0.026989,0.02698
1609197570003,0.02700700,0.02699,0.02702,0.02701100,0.027,0.02703,0.02701000,0.026989,0.02698
1609197572051,0.02700200,0.02699,0.02702,0.02700900,0.027,0.02703,0.02700500,0.026989,0.02698
1609197574299,0.02700500,0.02699,0.02702,0.02700600,0.027,0.02703,0.02700600,0.026989,0.02698
1609197576414,0.02700600,0.02699,0.02702,0.02701100,0.027,0.02703,0.02701100,0.026989,0.02698
1609197578488,0.02700500,0.02699,0.02702,0.02701100,0.027,0.02703,0.02701100,0.026989,0.02698
1609197580715,0.02700500,0.02699,0.02701,0.02701100,0.027,0.02702,0.02701100,0.026989,0.02698
1609197582792,0.02700800,0.02699,0.02701,0.02701000,0.027,0.02702,0.02701100,0.026989,0.02698
1609197584913,0.02700700,0.02699,0.027,0.02701100,0.027,0.02702,0.02701100,0.026989,0.02698
1609197587625,0.02699700,0.02699,0.027,0.02700600,0.027,0.02701,0.02701100,0.026989,0.02698
1609197590051,0.02700300,0.02699,0.027,0.02700600,0.027,0.02701,0.02700300,0.026989,0.02698
1609197592121,0.02699900,0.02699,0.02701,0.02700600,0.027,0.02702,0.02700400,0.026989,0.02698
1609197594230,0.02700400,0.02699,0.02701,0.02700500,0.027,0.02702,0.02700300,0.026989,0.02698
1609197596328,0.02700300,0.02699,0.02701,0.02700400,0.027,0.02702,0.02700700,0.026989,0.02698
1609197598390,0.02700800,0.02699,0.02701,0.02700900,0.027,0.02702,0.02701100,0.026989,0.02698
1609197600505,0.02701000,0.02699,0.02701,0.02701100,0.027,0.02702,0.02701100,0.026995,0.02703
1609197602643,0.02701000,0.02699,0.02702,0.02701100,0.027,0.02703,0.02701100,0.026995,0.02703
1609197604686,0.02701800,0.02699,0.02702,0.02702200,0.027,0.02703,0.02702300,0.027005,0.02703
1609197606827,0.02702700,0.02699,0.02703,0.02703700,0.027,0.02704,0.02703700,0.027005,0.02703
1609197608925,0.02702500,0.02699,0.02703,0.02703000,0.027,0.02704,0.02702500,0.027005,0.02703
1609197611041,0.02702600,0.027,0.02703,0.02703000,0.02703,0.02704,0.02702500,0.027005,0.02703
1609197613175,0.02701600,0.027,0.02702,0.02702500,0.02703,0.02704,0.02702300,0.027005,0.02703
1609197615345,0.02703400,0.027,0.02702,0.02703500,0.02703,0.02704,0.02702300,0.027005,0.02703
1609197617607,0.02703400,0.027,0.02702,0.02703500,0.02703,0.02704,0.02703400,0.027005,0.02703
1609197619766,0.02704600,0.027,0.02704,0.02704700,0.02703,0.02705,0.02704600,0.027005,0.02703
1609197621919,0.02704800,0.02701,0.02704,0.02705000,0.02703,0.02706,0.02704600,0.027005,0.02703
1609197623861,0.02704200,0.02702,0.02704,0.02704900,0.02703,0.02706,0.02704400,0.027005,0.02703
1609197625814,0.02704100,0.02702,0.02704,0.02704500,0.02703,0.02706,0.02704500,0.027005,0.02703
1609197627935,0.02703500,0.02702,0.02704,0.02704300,0.02703,0.02705,0.02704500,0.027005,0.02703
1609197631013,0.02704400,0.02702,0.02704,0.02704700,0.02703,0.02705,0.02704900,0.027005,0.02703
1609197633041,0.02704400,0.02702,0.02704,0.02704500,0.02703,0.02706,0.02704400,0.027005,0.02703
1609197635127,0.02704400,0.02702,0.02704,0.02704500,0.02703,0.02705,0.02704400,0.027005,0.02703
1609197637896,0.02703400,0.02702,0.02704,0.02704000,0.02703,0.02705,0.02703500,0.027005,0.02703
1609197639931,0.02703800,0.02702,0.02704,0.02704300,0.02703,0.02705,0.02704400,0.027005,0.02703
1609197641970,0.02703900,0.02702,0.02703,0.02704000,0.02703,0.02705,0.02703900,0.027005,0.02703
1609197644093,0.02703100,0.02702,0.02703,0.02703200,0.02703,0.02705,0.02703300,0.027005,0.02703
1609197646135,0.02703300,0.02702,0.02703,0.02703400,0.02703,0.02705,0.02703300,0.027005,0.02703
1609197648717,0.02702800,0.02702,0.02703,0.02702900,0.02703,0.02704,0.02702900,0.027005,0.02703
1609197650756,0.02702700,0.02702,0.02703,0.02702800,0.02703,0.02704,0.02702700,0.027005,0.02703
1609197652853,0.02702200,0.02701,0.02703,0.02702400,0.02703,0.02704,0.02702400,0.027005,0.02703
1609197654919,0.02701600,0.02701,0.02702,0.02701700,0.02703,0.02703,0.02701600,0.027005,0.02703
1609197657098,0.02701800,0.02701,0.02701,0.02702000,0.02703,0.02703,0.02701800,0.027005,0.02703
1609197659189,0.02701200,0.027,0.02701,0.02701900,0.02703,0.02703,0.02701300,0.027005,0.02703
1609197661269,0.02701900,0.027,0.02702,0.02702200,0.02703,0.02703,0.02701100,0.027005,0.02703
1609197663911,0.02701200,0.027,0.02701,0.02701300,0.02703,0.02702,0.02701200,0.027005,0.02703
1609197666030,0.02701600,0.027,0.02701,0.02702600,0.02702,0.02702,0.02702500,0.027005,0.02703
1609197668163,0.02702500,0.027,0.02701,0.02702600,0.02702,0.02702,0.02702100,0.027005,0.02703
1609197670430,0.02701800,0.027,0.02701,0.02702300,0.02702,0.02703,0.02702300,0.027005,0.02703
1609197672518,0.02701700,0.027,0.02701,0.02701800,0.02703,0.02703,0.02701800,0.027005,0.02703
1609197674672,0.02701100,0.027,0.02701,0.02701200,0.02703,0.02702,0.02701100,0.027005,0.02703
1609197676854,0.02701500,0.027,0.02701,0.02701600,0.02703,0.02702,0.02701500,0.027005,0.02703
1609197679016,0.02701900,0.027,0.02701,0.02702100,0.02703,0.02702,0.02702200,0.027005,0.02703
1609197681169,0.02702300,0.027,0.02701,0.02702400,0.02703,0.02703,0.02702000,0.027005,0.02703
1609197683336,0.02701900,0.027,0.02701,0.02702300,0.02703,0.02703,0.02701900,0.027005,0.02703
1609197685499,0.02701400,0.027,0.02701,0.02701500,0.02703,0.02702,0.02701400,0.027005,0.02703
1609197687828,0.02701500,0.027,0.02701,0.02701700,0.02703,0.02702,0.02701400,0.027005,0.02703
1609197690320,0.02700800,0.027,0.02701,0.02700900,0.02703,0.02702,0.02700900,0.027005,0.02703
1609197692632,0.02701700,0.02699,0.02701,0.02701800,0.02702,0.02702,0.02701400,0.027005,0.02703
1609197695026,0.02701500,0.02699,0.02701,0.02701600,0.02702,0.02702,0.02701800,0.027005,0.02703
1609197697121,0.02702400,0.027,0.02701,0.02702600,0.02703,0.02702,0.02702900,0.027005,0.02703
1609197699205,0.02702600,0.027,0.02702,0.02703200,0.02703,0.02703,0.02703000,0.027005,0.02703
1609197701375,0.02703100,0.027,0.02702,0.02703200,0.02703,0.02703,0.02703200,0.027005,0.02703
1609197703596,0.02702300,0.027,0.02702,0.02703000,0.02703,0.02703,0.02702600,0.027005,0.02703
1609197705733,0.02702400,0.027,0.02702,0.02702500,0.02703,0.02703,0.02702500,0.027005,0.02703
1609197708036,0.02702100,0.027,0.02702,0.02702200,0.02703,0.02703,0.02702100,0.027005,0.02703
1609197710885,0.02701200,0.027,0.02702,0.02701300,0.02703,0.02703,0.02702100,0.027005,0.02703
1609197712952,0.02701600,0.027,0.02701,0.02701700,0.02703,0.02702,0.02701700,0.027005,0.02703
1609197715024,0.02701200,0.027,0.02702,0.02701700,0.02703,0.02703,0.02701300,0.027005,0.02703
1609197717212,0.02701200,0.027,0.02702,0.02701300,0.02703,0.02703,0.02701200,0.027005,0.02703
1609197719367,0.02701300,0.027,0.02702,0.02701600,0.02703,0.02703,0.02701200,0.027005,0.02703
1609197721507,0.02701500,0.027,0.02702,0.02701600,0.02703,0.02703,0.02701200,0.027005,0.02703
1609197723608,0.02701500,0.027,0.02701,0.02701600,0.02703,0.02703,0.02701200,0.027005,0.02703
1609197725706,0.02701500,0.027,0.02702,0.02701600,0.02703,0.02703,0.02701600,0.027005,0.02703
1609197727789,0.02701900,0.027,0.02702,0.02702000,0.02703,0.02703,0.02701800,0.027005,0.02703
1609197729850,0.02702300,0.027,0.02702,0.02702400,0.02703,0.02703,0.02702300,0.027005,0.02703
1609197731959,0.02702400,0.027,0.02702,0.02702500,0.02703,0.02703,0.02702400,0.027005,0.02703
1609197734129,0.02701700,0.027,0.02702,0.02701900,0.02703,0.02703,0.02701800,0.027005,0.02703
1609197736195,0.02701300,0.027,0.02702,0.02701800,0.02703,0.02703,0.02701800,0.027005,0.02703
1609197738331,0.02701300,0.02699,0.02702,0.02701800,0.02703,0.02703,0.02701800,0.027005,0.02703
1609197740405,0.02702000,0.02699,0.02701,0.02702100,0.02703,0.02703,0.02702000,0.027005,0.02703
1609197742758,0.02702400,0.027,0.02701,0.02702500,0.02703,0.02703,0.02702000,0.027005,0.02703
1609197744892,0.02702100,0.027,0.02702,0.02702200,0.02703,0.02703,0.02702100,0.027005,0.02703
1609197746951,0.02700600,0.027,0.02702,0.02701300,0.02703,0.02703,0.02701300,0.027005,0.02703
1609197749186,0.02700800,0.027,0.02701,0.02700900,0.02703,0.02702,0.02700600,0.027005,0.02703
1609197751310,0.02700200,0.027,0.02701,0.02700400,0.02701,0.02702,0.02700200,0.027005,0.02703
1609197753367,0.02700300,0.027,0.02701,0.02700400,0.02701,0.02702,0.02700300,0.027005,0.02703
1609197755463,0.02700200,0.027,0.027,0.02700400,0.02701,0.02702,0.02700300,0.027005,0.02703
1609197757931,0.02700400,0.027,0.027,0.02700900,0.02701,0.02702,0.02700500,0.027005,0.02703
1609197760072,0.02701200,0.027,0.027,0.02701300,0.02701,0.02702,0.02701500,0.027005,0.02703
1609197762390,0.02701400,0.027,0.027,0.02701500,0.02701,0.02702,0.02701600,0.027005,0.02703
1609197764655,0.02701500,0.027,0.02701,0.02701600,0.02701,0.02702,0.02701600,0.027005,0.02703
1609197766777,0.02700300,0.027,0.02701,0.02700400,0.02702,0.02702,0.02700300,0.027005,0.02703
1609197768914,0.02700300,0.027,0.027,0.02700400,0.02702,0.02702,0.02700300,0.027005,0.02703
1609197771079,0.02700300,0.027,0.027,0.02700400,0.02702,0.02701,0.02700100,0.027012,0.02703
1609197773254,0.02699500,0.027,0.027,0.02699800,0.02702,0.02701,0.02699800,0.027012,0.02703
1609197775311,0.02699600,0.027,0.027,0.02699700,0.02702,0.02701,0.02699700,0.027012,0.02703
1609197777518,0.02699400,0.027,0.027,0.02699500,0.02701,0.02701,0.02699200,0.027012,0.02703
1609197779705,0.02699000,0.027,0.027,0.02699100,0.02701,0.02701,0.02699000,0.027012,0.02703
1609197782235,0.02697300,0.027,0.02699,0.02697900,0.02701,0.027,0.02697300,0.026987,0.02703
1609197784324,0.02697700,0.027,0.02699,0.02697900,0.02701,0.027,0.02698600,0.026987,0.02703
1609197786452,0.02697400,0.02698,0.02698,0.02698300,0.02699,0.02699,0.02698000,0.026987,0.02703
1609197788559,0.02697900,0.02698,0.02698,0.02698200,0.02699,0.02699,0.02698000,0.026987,0.02703
1609197790734,0.02697900,0.02698,0.02698,0.02698000,0.02699,0.02699,0.02697900,0.026987,0.02703
1609197792886,0.02697700,0.02698,0.02698,0.02697800,0.02699,0.02699,0.02697800,0.026987,0.02703
1609197794976,0.02697800,0.02698,0.02698,0.02698300,0.02699,0.02699,0.02697700,0.026987,0.02703
1609197797114,0.02698300,0.02698,0.02699,0.02699600,0.02699,0.027,0.02699800,0.026987,0.02703
1609197799289,0.02699300,0.02698,0.02699,0.02700000,0.02699,0.027,0.02700000,0.026987,0.02703
1609197801385,0.02699700,0.02698,0.027,0.02700100,0.02699,0.02701,0.02700200,0.026987,0.02703
1609197803872,0.02699900,0.02698,0.027,0.02700300,0.02701,0.02701,0.02699900,0.026987,0.02703
1609197806407,0.02700600,0.02698,0.02701,0.02701400,0.02701,0.02702,0.02701100,0.026987,0.02703
1609197808653,0.02701500,0.02698,0.02701,0.02702000,0.02701,0.02702,0.02702000,0.026987,0.02703
1609197810947,0.02700200,0.02699,0.02701,0.02700300,0.02702,0.02702,0.02700300,0.026987,0.02703
1609197813434,0.02700400,0.02699,0.027,0.02700500,0.02702,0.02702,0.02700500,0.026987,0.02703
1609197815722,0.02699600,0.02699,0.02701,0.02700100,0.02702,0.02702,0.02699500,0.026987,0.02703
1609197818084,0.02700200,0.02699,0.02701,0.02700900,0.02702,0.02702,0.02700800,0.026987,0.02703
1609197820224,0.02701400,0.02699,0.027,0.02701500,0.02702,0.02702,0.02701400,0.026987,0.02703
1609197822369,0.02701300,0.02698,0.02701,0.02701500,0.02702,0.02702,0.02701300,0.026987,0.02703
1609197824533,0.02700700,0.02698,0.02701,0.02701300,0.02702,0.02702,0.02701300,0.026987,0.02703
1609197826680,0.02701100,0.02698,0.02701,0.02701200,0.02702,0.02702,0.02701200,0.026987,0.02703
1609197828849,0.02700800,0.02698,0.02701,0.02700900,0.02702,0.02702,0.02701000,0.026987,0.02703
1609197831642,0.02700200,0.02698,0.02701,0.02700300,0.02702,0.02702,0.02700500,0.026987,0.02703
1609197833845,0.02700500,0.02698,0.02701,0.02700600,0.02702,0.02702,0.02700600,0.026987,0.02703
1609197835949,0.02700400,0.02698,0.02701,0.02700900,0.02702,0.02702,0.02700600,0.026987,0.02703
1609197838146,0.02700500,0.02698,0.02701,0.02700800,0.02702,0.02702,0.02700800,0.026987,0.02703
1609197840432,0.02700900,0.02698,0.02701,0.02701000,0.02702,0.02702,0.02700800,0.026987,0.027
1609197842585,0.02700800,0.02698,0.02702,0.02701000,0.02702,0.02703,0.02700700,0.026987,0.027
1609197846689,0.02699200,0.02698,0.02701,0.02699600,0.02701,0.02702,0.02699600,0.026987,0.027
1609197848834,0.02699900,0.02699,0.02701,0.02700000,0.02702,0.02702,0.02700000,0.026987,0.027
1609197850977,0.02699400,0.02699,0.02701,0.02700000,0.02702,0.02702,0.02700000,0.026987,0.027
1609197853082,0.02699400,0.02698,0.02701,0.02700000,0.02701,0.02702,0.02700000,0.026983,0.027
1609197855290,0.02699400,0.02698,0.02701,0.02700000,0.02701,0.02702,0.02700000,0.026983,0.027
1609197857404,0.02699400,0.02698,0.027,0.02699500,0.02701,0.02702,0.02699200,0.026983,0.027
1609197859681,0.02698900,0.02698,0.02699,0.02699400,0.02701,0.027,0.02698900,0.026983,0.027
1609197861842,0.02698900,0.02698,0.02699,0.02699400,0.02701,0.027,0.02698900,0.026983,0.027
1609197864088,0.02698300,0.02698,0.02699,0.02698400,0.02701,0.027,0.02698300,0.026983,0.027
1609197866527,0.02698300,0.02698,0.02698,0.02698800,0.02701,0.027,0.02698900,0.026983,0.027
1609197868782,0.02698400,0.02698,0.02698,0.02699000,0.027,0.027,0.02698900,0.026983,0.027
1609197870969,0.02698500,0.02698,0.02698,0.02699000,0.027,0.027,0.02698500,0.026983,0.027
1609197873187,0.02697800,0.02698,0.02698,0.02698200,0.027,0.02699,0.02698300,0.026983,0.027
1609197875366,0.02698300,0.02698,0.02698,0.02698600,0.02699,0.02699,0.02698300,0.026983,0.027
1609197877569,0.02698800,0.02698,0.02699,0.02698900,0.02699,0.027,0.02698800,0.026983,0.027
1609197879769,0.02698400,0.02698,0.02699,0.02698700,0.027,0.027,0.02698500,0.026983,0.027
1609197881974,0.02698200,0.02698,0.02699,0.02698300,0.027,0.027,0.02697900,0.026983,0.027
1609197884141,0.02698500,0.02698,0.02699,0.02698600,0.027,0.027,0.02698500,0.026983,0.027
1609197886258,0.02698800,0.02698,0.02699,0.02698900,0.027,0.027,0.02698500,0.026983,0.027
1609197888353,0.02698800,0.02698,0.02699,0.02698900,0.027,0.027,0.02698800,0.026983,0.027
1609197890515,0.02698800,0.02698,0.02699,0.02698900,0.027,0.027,0.02698800,0.026983,0.027
1609197893075,0.02698400,0.02698,0.02699,0.02698800,0.027,0.027,0.02698800,0.026983,0.027
1609197895187,0.02699100,0.02698,0.02699,0.02699400,0.027,0.027,0.02698900,0.026983,0.027
1609197897357,0.02699100,0.02698,0.02699,0.02699500,0.027,0.027,0.02699500,0.026983,0.027
1609197899453,0.02699300,0.02698,0.02699,0.02699700,0.027,0.02701,0.02699800,0.026983,0.027
1609197901713,0.02699100,0.02698,0.02699,0.02699600,0.027,0.02701,0.02699800,0.026983,0.027
1609197903880,0.02700200,0.02698,0.02699,0.02701000,0.027,0.02701,0.02700100,0.026983,0.027
1609197906044,0.02701000,0.02699,0.02701,0.02701500,0.02701,0.02702,0.02701500,0.026983,0.027
1609197908222,0.02701200,0.02699,0.02701,0.02701600,0.02701,0.02702,0.02701700,0.026983,0.027
1609197910383,0.02701100,0.02699,0.02702,0.02701600,0.02702,0.02703,0.02701700,0.026983,0.027
1609197912598,0.02701200,0.02699,0.02702,0.02701800,0.02702,0.02703,0.02701700,0.026983,0.027
1609197914728,0.02701900,0.02699,0.02701,0.02702000,0.02702,0.02703,0.02701900,0.026983,0.027
1609197917267,0.02700800,0.02699,0.02701,0.02701100,0.02702,0.02703,0.02701900,0.026983,0.027
1609197919422,0.02701300,0.02699,0.02701,0.02701500,0.02702,0.02702,0.02701400,0.026983,0.027
1609197921494,0.02700600,0.02699,0.02701,0.02701300,0.02702,0.02702,0.02700700,0.026983,0.027
1609197923756,0.02699700,0.02699,0.027,0.02700400,0.02702,0.02702,0.02700500,0.026983,0.027
1609197925944,0.02699100,0.02699,0.027,0.02700400,0.02702,0.02702,0.02698600,0.026983,0.027
1609197928080,0.02698900,0.02698,0.027,0.02699900,0.02701,0.02702,0.02699900,0.026983,0.027
1609197930246,0.02699400,0.02698,0.02699,0.02700100,0.02701,0.02701,0.02699900,0.026983,0.027
1609197932599,0.02699500,0.02698,0.02699,0.02700200,0.02701,0.02701,0.02700200,0.026983,0.027
1609197934810,0.02699400,0.02698,0.02699,0.02699800,0.02701,0.02701,0.02699900,0.026983,0.027
1609197936988,0.02700200,0.02698,0.02699,0.02700400,0.02701,0.02701,0.02700200,0.026983,0.027
1609197939168,0.02700300,0.02698,0.02699,0.02700400,0.02701,0.02701,0.02700300,0.026983,0.027
1609197941305,0.02700400,0.02698,0.027,0.02700500,0.02701,0.02701,0.02700500,0.026983,0.027
1609197943546,0.02700900,0.02698,0.02701,0.02701000,0.02701,0.02702,0.02700500,0.026983,0.027
1609197945870,0.02700300,0.02698,0.02701,0.02700600,0.02701,0.02702,0.02700600,0.026983,0.027
1609197948002,0.02700300,0.02698,0.027,0.02700400,0.02701,0.02701,0.02700400,0.026983,0.027
1609197950147,0.02700300,0.02698,0.027,0.02700400,0.02701,0.02701,0.02700300,0.026983,0.027
1609197952373,0.02700500,0.02698,0.027,0.02700600,0.02701,0.02701,0.02700600,0.026983,0.027
1609197954592,0.02701100,0.02698,0.02701,0.02701200,0.02701,0.02702,0.02701200,0.026983,0.027
1609197957481,0.02702200,0.02699,0.02701,0.02702600,0.02702,0.02702,0.02702300,0.026983,0.027
1609197959814,0.02702000,0.027,0.02702,0.02702400,0.02702,0.02703,0.02702500,0.026983,0.027
1609197962115,0.02701100,0.027,0.02702,0.02701900,0.02702,0.02703,0.02701800,0.026983,0.027
1609197964927,0.02701200,0.027,0.02702,0.02701900,0.02702,0.02703,0.02701900,0.026983,0.027
1609197967146,0.02701300,0.027,0.02702,0.02701400,0.02702,0.02703,0.02701300,0.026983,0.027
1609197970658,0.02701200,0.027,0.02702,0.02701900,0.02702,0.02703,0.02701300,0.026983,0.027
1609197972979,0.02700900,0.027,0.02702,0.02701100,0.02702,0.02703,0.02700900,0.026983,0.027
